2670 5018
275 727 334 797 iu
365 727 475 796 noc.
503 728 597 796 Lm.
623 728 825 798 Lxxxw
856 732 1065 805 mvmru.
1140 737 1201 820 ιω

178 851 237 915 IV.
253 850 341 915 Nam
355 848 396 912 ab
413 848 469 912 illo
484 847 619 937 collegio
632 864 764 912 coactus
780 848 904 931 Carbo,
920 867 1032 917 contra
1043 854 1143 920 animi
1154 855 1206 920 aui

136 951 335 1016 sententiam
357 949 489 1014 comitia
504 948 685 1013 consularia
701 949 819 1014 babere
843 967 974 1015 coactus
994 953 1115 1037 fuerat,
1133 956 1207 1043 qui·

136 1054 198 1118 bus
211 1055 250 1117 L.
260 1052 389 1140 Scipio,
406 1052 441 1114 C.
452 1049 625 1115 Norbanus
640 1049 798 1141 designati
811 1067 899 1116 sunt.
915 1053 1021 1143 Igitur
1032 1057 1129 1120 tantis
1142 1058 1208 1122 ani·

139 1155 199 1218 mis
215 1167 408 1242 resurgente
423 1151 563 1216 factione
572 1152 745 1235 Carbonis,
760 1151 891 1217 senatus
906 1154 1001 1219 etiam
1013 1159 1205 1224 sententiam

139 1279 252 1320 eorum
275 1252 370 1341 sequi
391 1250 522 1317 adactus
545 1268 611 1333 est,
632 1253 689 1340 qui
708 1252 817 1318 «bello
840 1253 1106 1321 contendendum
1130 1281 1206 1323 cum

139 1356 248 1420 -Sulla
267 1369 481 1418 censuerant:
499 1375 605 1441 neque
628 1353 716 1417 enim
736 1352 946 1420 dimissurum
971 1378 1046 1421 eum
1071 1359 1207 1442 milites,

141 1458 219 1522 «sed
239 1457 361 1521 borum
380 1476 477 1544 opera
494 1455 675 1519 abusurum
694 1456 736 1520 ad
751 1455 1018 1522 dominationem.
1036 1460 1110 1524 Non
1128 1461 1206 1525 obs·

141 1582 238 1624 «cure
252 1558 293 1624 ab
310 1580 350 1621 eo
363 1555 519 1636 jactatum
533 1577 603 1620 esse
613 1555 756 1619 favorem
769 1556 945 1638 exercitus,
962 1557 1051 1623 haud
1067 1558 1206 1625 dubium

143 1660 262 1724 animi
278 1659 347 1740 ejus
361 1671 602 1748 argumentum.
617 1657 686 1721 Jam
698 1679 716 1719 a
729 1671 779 1720 tot
791 1658 885 1721 annis
901 1656 983 1721 nihil
994 1658 1087 1722 illum
1102 1659 1208 1743 aliud,

141 1785 258 1850 «quam
269 1760 362 1825 civile
375 1759 515 1842 bellum,
530 1754 695 1823 meditari:
709 1779 769 1820 nec
786 1757 996 1846 iniquissimae
1012 1781 1088 1824 cum
1101 1760 1207 1826 Mario

141 1861 358 1928 «aemulationi
382 1876 447 1925 tam
469 1859 674 1947 propositum
691 1857 780 1939 ejus,
804 1880 903 1944 quam
926 1863 1206 1949 opportunitatem

143 1981 193 2029 «et
210 1982 341 2053 tempus
360 1961 522 2042 defuisse3
544 1959 707 2024 cimbricis
723 1958 885 2047 primum,
901 1960 1019 2025 deinde
1033 1963 1207 2030 socialibus

142 2065 454 2132 &intervenientibus
471 2062 573 2127 bellis.

180 2170 220 2233 V.
235 2163 493 2246 «Postmodum,
511 2186 614 2250 quum
627 2179 711 2226 esset
721 2177 836 2225 auctus
853 2162 1015 2227 consulari
1033 2163 1205 2254 dignitate,

142 2271 321 2358 ·paidoque
332 2267 435 2331 lactus
448 2266 631 2345 robustior,
645 2286 713 2326 non
726 2261 904 2344 distulisse,
920 2264 998 2350 quin
1014 2287 1113 2330 suum
1125 2268 1205 2331 olim

141 2370 387 2459 «imperatorem
407 2365 532 2431 insidiis
548 2365 711 2452 armisque
729 2378 863 2451 peteret.
881 2363 960 2428 Mox
980 2366 1076 2431 etiam
1093 2368 1204 2458 reipu-

141 2471 248 2536 «blicae
269 2470 374 2559 palam
394 2468 543 2532 intulisse
560 2466 702 2546 bellum,
720 2481 754 2529 et
768 2465 910 2548 Urbem,
925 2466 1017 2553 quod
1033 2485 1108 2533 ante
1126 2491 1204 2534 eum

141 2574 284 2637 «fecisset
303 2593 419 2652 nemo,
435 2570 465 2632 vi
483 2591 521 2633 ac
540 2568 638 2632 armis
655 2591 840 2656 occupasse.
863 2567 913 2633 Ne
932 2569 966 2633 in
986 2569 1107 2635 Graecia
1128 2570 1204 2660 qui-

141 2673 230 2738 ·dem
248 2689 282 2737 et
296 2672 389 2752 Asia,
404 2693 590 2758 quanquam
607 2670 751 2733 fervente
765 2668 987 2734 mithridatico
1004 2671 1107 2753 bello,
1125 2689 1206 2737 tem·

142 2795 270 2861 ·perare
295 2771 462 2860 potuisse,
487 2770 664 2858 quominus
693 2769 729 2834 L.
747 2769 933 2854 Valerium,
962 2771 1003 2836 ab
1027 2789 1142 2837 senatu
1169 2773 1203 2838 in

141 2875 266 2940 ¹Asiam
285 2872 438 2955 missum,
456 2888 489 2937 et
506 2890 679 2961 postquam
700 2872 753 2936 ille
775 2873 818 2936 sit
839 2874 1052 2958 interfectus,
1069 2877 1205 2941 C.Fim·

139 2975 259 3039 ·briam
272 2974 371 3039 armis
386 2989 530 3062 peteret3
548 2974 759 3064 legionesque
770 2975 964 3058 valerianas,
980 2976 1060 3041 citra
1071 2995 1203 3043 senatus

139 3093 213 3141 ·aut
229 3077 344 3167 populi
362 3077 605 3157 auctoritatem,
623 3098 720 3141 suum
738 3076 801 3140 sub
819 3077 993 3165 imperium
1012 3079 1180 3167 acciperet.

176 3178 231 3243 Vl.
249 3210 262 3234 ι
271 3179 314 3242 Et
326 3177 414 3242 illam
426 3176 606 3242 inauditam
620 3175 764 3241 romanis
778 3176 925 3242 moribus
938 3178 1120 3261 licentiam,
1139 3204 1203 3267 qua

137 3279 214 3343 «sihi
230 3279 376 3369 legiones
395 3276 474 3342 fidas
489 3277 586 3342 exitio
601 3277 684 3342 Asia
701 3277 807 3342 facere
822 3276 967 3359 studeat,
985 3301 1052 3342 non
1073 3280 1204 3346 alterius

136 3382 320 3468 ·pr0fecto,
331 3402 428 3467 quam
441 3378 542 3442 civilis
553 3378 628 3442 belli
644 3395 882 3442 sacramentum
895 3402 975 3443 esse.
986 3379 1142 3444 Praeterea
1153 3382 1204 3444 in·

135 3480 265 3547 «flatum
277 3480 413 3544 victoria
430 3478 666 3560 mithridatica,
683 3494 716 3542 et
730 3476 879 3560 adjutum
896 3479 998 3567 copiis
1014 3480 1111 3567 paulo
1127 3497 1203 3544 ante

134 3581 348 3662 ·hostilibus,
364 3602 482 3644 aurum
496 3579 668 3668 ponticum
686 3601 848 3667 naresque
867 3596 900 3643 et
914 3580 1032 3643 auxilia
1045 3581 1203 3646 barbaro·

135 3707 246 3764 ·rum,
270 3684 306 3746 in
332 3680 441 3771 patriae
468 3681 647 3769 perniciem
669 3679 864 3745 adducere»
882 3681 988 3768 lgitur
1010 3704 1118 3770 neque
1141 3683 1202 3748 sibi

133 3783 408 3849 committendum
421 3782 497 3864 rati,
511 3797 549 3845 ut
562 3782 700 3869 impares
715 3779 1050 3869 deprehenderentur,
1069 3805 1135 3864 non
1150 3806 1203 3849 so·

131 3884 182 3948 lita
199 3902 328 3950 tautum
349 3882 513 3973 praesidia,
528 3882 586 3947 sed
602 3881 748 3970 quaedam
765 3881 861 3945 etiam
877 3881 1031 3947 inusitata
1046 3907 1083 3948 ac
1100 3908 1200 3968 nova,

130 4004 205 4053 sunt
223 3986 340 4052 moliti.
361 3985 468 4050 Carbo
488 3985 604 4050 consul
622 3985 662 4049 ab
679 3983 832 4047 omnibus
848 3980 977 4072 oppidis
996 3986 1094 4050 ltaliae
1111 3989 1200 4051 colo·

131 4088 255 4177 alisque
278 4086 411 4153 obsides
430 4087 595 4176 exigebat,
614 4103 652 4150 ut
675 4083 772 4149 fidem
793 4083 924 4148 illorum
942 4101 1055 4150 contra
1080 4087 1200 4151 Sullam

131 4190 313 4281 obligaret3
346 4188 453 4274 donec
482 4186 657 4278 perniciosi
690 4186 790 4250 moris
821 4187 1006 4276 exemplum
1039 4210 1202 4252 consensu

129 4308 260 4357 senatus
279 4289 479 4356 adversantis
497 4286 679 4353 cohibitum
696 4301 754 4350 est.

159 4486 176 4552 5
188 4488 234 4536 Π.
247 4485 361 4552 Appian.
372 4484 426 4532 civ.
438 4482 481 4533 lib.
493 4485 514 4530 1.
528 4509 563 4520 -
576 4480 592 4546 5
606 4482 651 4528 vt.
662 4481 714 4527 biv.
726 4479 791 4543 Epir.
