2670 5018
143 180 187 246 ali
317 182 382 243 Ji».
412 177 751 245 FREINSHEMH
784 179 1029 246 SUPPIAEM.

132 305 253 386 generis
263 302 401 365 honurws
409 349 418 378 ,
430 323 503 364 cum
515 300 618 363 liberis
631 317 659 362 ct
673 304 838 377 carnibus,
856 316 952 387 arqrn
968 305 1061 362 ctt'czm
1077 301 1203 371 libertis,

139 409 196 495 qni
207 406 313 470 italici
322 408 485 493 sanguinis
496 421 593 470 essent
600 453 610 484 ,
630 406 821 469 occiderent.

183 507 271 572 VIII.
285 509 393 572 Casus
406 524 516 572 autem
531 506 719 572 inhumatos
729 507 844 596 projici
857 507 1012 586 jubebat:
1031 509 1116 572 bona
1131 533 1205 572 cnm

139 608 401 674 interfectoribus
415 608 624 697 partiebatur.
651 607 715 674 sal
734 625 768 674 ct
788 608 884 672 minse
899 609 1030 690 adjectae
1046 628 1158 685 erant,
1180 614 1207 674 si

140 713 214 800 quis
228 711 370 800 aliquem
387 733 482 776 exeo
499 732 637 774 numero
655 725 713 774 aut
728 709 832 774 celare
847 710 976 793 rivum,
998 727 1055 775 aut
1071 711 1207 799 sepelire

142 829 309 878 mortuum
325 837 424 878 ausus
442 829 544 878 esset:
561 828 689 893 contra,
704 811 804 875 servis
821 811 918 875 beros
934 812 1153 877 interfecturis
1169 813 1208 876 li·
1271 824 1278 836 “

141 916 319 991 bertatem,
344 914 545 978 debitoribus
571 912 743 1002 dimidium
767 913 838 976 aeris
866 913 962 977 alieni
988 916 1112 1005 praemii
1136 916 1209 979 loco

142 1015 363 1104 promittebat.
387 1015 542 1098 Dubites,
562 1016 726 1079 scelestius
744 1014 814 1079 hac
829 1037 847 1077 a
863 1037 940 1106 rege
959 1019 1152 1106 excogitata,
1167 1042 1208 1082 an

141 1118 183 1181 ab
200 1119 346 1182 Asiaticis
362 1119 444 1183 facta
460 1119 535 1183 sint.
552 1119 728 1208 Postquam
741 1119 919 1183 constituta
934 1118 1003 1182 dies
1015 1120 1130 1202 affuit,
1147 1122 1209 1183 mi-

142 1220 275 1284 serrima
291 1243 349 1308 per
364 1243 477 1285 omnes
496 1222 580 1285 Asine
596 1221 694 1284 urbes
707 1220 886 1308 spectacula
903 1219 1093 1285 edebantur.

185 1323 244 1386 lx.
265 1321 423 1387 Notabilis
445 1324 530 1386 inter
551 1323 620 1386 haec
636 1321 873 1385 Trallianorum
894 1323 1035 1385 amentia
1056 1321 1138 1386 fuit:
1153 1325 1209 1410 qui

143 1445 227 1510 quos
239 1424 274 1487 in
291 1424 372 1488 urbe
388 1444 447 1488 sua
460 1405 822 1504 habebant'liomanos,
835 1445 876 1487 ne
894 1422 1045 1488 videlicet
1060 1425 1210 1512 hospitali

144 1525 302 1615 sangiune
322 1526 506 1614 polluerent
526 1548 660 1607 manus,
679 1525 864 1613 Theophilo
891 1525 1090 1614 Paphlagoni
1113 1525 1211 1616 jugu-

144 1630 258 1696 landos
274 1631 479 1713 locaverunt,
500 1649 656 1719 tanquam
672 1631 865 1696 interesset:
884 1646 982 1719 atque
1003 1630 1083 1695 illud
1098 1632 1210 1720 singu-

143 1733 201 1797 lari
222 1733 340 1797 saevitia
360 1750 563 1813 monstrum,
587 1733 773 1820 compulsos
796 1734 880 1796 intra
901 1731 1003 1797 aedem
1021 1732 1212 1798 Concordia·

144 1835 400 1917 contrucidavit3
417 1837 514 1900 etiam
528 1835 679 1899 manibus
691 1834 909 1923 quorumdam
918 1835 1082 1915 abscissis,
1091 1835 1211 1923 quibus

144 1933 282 1999 deorum
292 1937 452 2025 complexi
464 1936 634 2000 slmulacra
643 1936 783 2001 fuerant.
795 1937 911 2025 Neque
922 1960 1037 2027 magna
1049 1937 1102 2000 illa
1112 1937 1214 2000 Diana

147 2055 260 2102 contra
281 2038 425 2102 furorem
452 2038 670 2127 Ephesiorum
693 2038 779 2103 tueri
801 2040 961 2128 supplices
983 2061 1062 2103 suos
1085 2039 1213 2126 potuit,

148 2161 255 2227 neque
269 2140 545 2229 Pergamenorum
559 2140 781 2231 AEsculapius,
793 2163 860 2229 quo
875 2140 983 2204 minus
999 2134 1040 2203 ad
1056 2139 1125 2228 ipsa
1139 2139 1213 2227 pul·

146 2241 269 2304 vinaria
285 2241 398 2330 gladiis
413 2258 471 2306 aut
486 2242 610 2331 sagittis
626 2240 897 2306 interficerentur.

190 2343 231 2406 X.
245 2341 468 2430 Adramytteni
483 2342 593 2407 nando
610 2344 747 2408 salutem
767 2365 909 2432 quaerere
926 2345 1011 2407 visos
1027 2344 1112 2406 inter
1131 2343 1214 2431 ipsas

146 2443 251 2508 undas
261 2444 455 2531 consequuti
466 2444 689 2526 trucidarunt3
707 2444 885 2509 infantibus
898 2443 1095 2534 fugientium
1106 2443 1215 2507 liberis

147 2545 262 2633 pelago
280 2545 403 2609 mersis.
423 2546 537 2609 Caunii
548 2547 782 2634 quoque,qui,
793 2545 920 2611 devicto
932 2546 1114 2627 Antiocho,
1125 2545 1215 2608 liho-

148 2645 209 2710 diis
223 2646 387 2728 attributi,
401 2647 519 2712 deinde
535 2648 576 2711 ab
589 2649 710 2712 horum
728 2647 899 2712 dominatu
915 2649 1139 2711 Romanorum
1156 2647 1215 2710 be·

147 2746 264 2813 neficio
290 2748 414 2812 liberati
443 2750 590 2831 fuerant,
608 2749 705 2813 Italos
730 2748 770 2812 ad
796 2764 950 2813 moranni
976 2749 1068 2812 urbis
1092 2749 1215 2811 curiam

146 2866 377 2914 concurrentes
387 2850 428 2913 ab
438 2850 515 2939 ipsis
526 2851 588 2914 aris
600 2849 817 2938 diripuerunt3
824 2865 999 2937 raptosque
1009 2849 1049 2912 ab
1058 2849 1144 2912 ulnis
1154 2870 1217 2910 ma·

148 2968 236 3015 trum
253 2950 392 3014 infantes
410 2968 486 3015 ante
502 2975 559 3015 ora
576 2951 739 3039 ipsarum,
751 2950 835 3038 ipsas
853 2949 990 3033 deinde,
1007 2966 1040 3014 et
1051 2964 1217 3039 postremo

146 3054 233 3117 viros
244 3075 377 3134 eorum,
392 3053 634 3116 interfecerunt.
649 3051 717 3116 Soli
731 3050 901 3131 omnium,
919 3052 977 3139 qui
995 3049 1216 3115 Mithridatem

147 3155 400 3235 reverebantur,
416 3155 494 3236 Coi,
508 3155 674 3218 Romanos
689 3153 724 3216 in
739 3152 917 3240 AEsculapii
933 3152 1093 3240 templum
1112 3151 1216 3215 intro-

148 3255 284 3335 ductos,
300 3271 429 3319 vetusto
444 3256 523 3343 asyli
536 3255 610 3335 jure
626 3271 714 3320 tutos
730 3256 959 3344 prestiterunt.

190 3358 249 3420 XI.
266 3358 335 3420 Hac
352 3373 416 3419 tam
432 3357 606 3445 improvisa
623 3356 730 3440 clade,
745 3358 829 3422 intra
845 3354 992 3421 eamdem
1006 3353 1092 3418 diem
1112 3354 1217 3416 diver·

132 3456 280 3523 'sissimis
302 3457 382 3521 locis
410 3458 566 3521 exstincta
591 3458 764 3522 hominurn
791 3458 918 3522 circiter
935 3455 1100 3544 octoginta
1119 3455 1216 3518 millia

183 3624 272 3687 §VIL
289 3624 342 3671 biv.
354 3623 421 3688 Epit.
437 3651 472 3660 -
485 3624 541 3672 Vnt.
557 3625 628 3673 Max.
644 3630 695 3683 tx,
711 3643 735 3673 2.
751 3652 785 3662 --
801 3623 863 3672 Flos.
879 3624 931 3681 111,
948 3622 972 3669 5.
987 3647 1022 3659 -
1035 3622 1087 3669 Cic.
1105 3638 1152 3686 pro
1170 3622 1217 3686 leg.

147 3702 236 3756 Manu.
250 3710 264 3755 3
277 3720 301 3756 et
314 3709 338 3755 5.
352 3735 386 3744 -
400 3706 416 3773 §
430 3710 499 3757 VIII.
516 3712 589 3757 Oros.
599 3710 649 3767 VI,
665 3725 689 3756 a.
704 3736 738 3744 —
752 3708 859 3772 Appiam
872 3734 905 3742 —
919 3705 979 3753 vell.
993 3706 1030 3762 ΙΙ,
1049 3707 1088 3752 18.
1100 3706 1216 3753 -Auct

148 3792 179 3839 de
191 3793 242 3839 Vir.
255 3792 290 3839 ill.
300 3792 326 3839 iu
340 3792 454 3840 Mithrid.
474 3820 507 3830 -
521 3792 569 3840 Dio
581 3793 648 3858 apud
658 3791 739 3842 Valet.
751 3791 812 3856 —S
829 3792 875 3839 tx.
893 3791 954 3837 Acta
966 3791 1054 3853 Apost.
1066 3804 1120 3852 cap.
1134 3805 1172 3850 ¹9·
1184 3816 1217 3824 -

146 3876 236 3924 Athen.
248 3877 281 3934 V,
296 3884 334 3931 14.
350 3904 384 3912 ——
397 3876 505 3943 Appian.
519 3903 555 3914 --
568 3874 584 3942 S
599 3878 634 3924 X.
648 3875 739 3940 Polyb.
753 3875 799 3940 leg.
814 3889 857 3938 99.
873 3902 908 3912 -
919 3875 977 3921 Tac.
989 3874 1054 3920 Anu.
1067 3873 1111 3928 IV,
1129 3879 1168 3926 rt.
1182 3899 1216 3908 -

145 3961 252 4026 Appiam
265 3987 300 3997 —
310 3963 438 4010 Memnon.
449 3960 547 4010 -vat
560 3961 628 4010 Max.
640 3961 693 4018 lx,
711 3975 737 4007 2.
