2670 5018
357 37 530 97 uenenum,
555 33 629 80 mus
653 34 799 105 optatum
826 37 930 81 tenue}

357 120 580 208 Opiterginos,
603 120 636 183 in
662 121 805 183 occultos
825 121 915 208 quasi

358 222 460 310 peiaui
472 223 602 301 Cilices,
620 223 736 286 usitata
748 223 823 303 sibi,
841 246 931 310 quun

355 340 439 405 arte,
454 324 587 388 funibus
602 324 664 388 sub
678 324 757 387 usuri
773 324 932 387 circuuuls

356 424 456 489 hensa
471 426 564 505 ratis,
582 424 672 488 etad
688 425 858 513 scopulus,
877 448 933 487 uu(

254 574 257 579 .
356 540 505 607 astructa,
525 546 629 613 quum
646 526 688 589 ab
710 526 859 591 hostibus
882 542 934 589 ter:

357 624 487 689 defensa
507 642 615 689 tamen
639 642 706 706 est,
726 626 803 713 quia
824 647 935 713 superi

356 726 560 792 diremerunt.
574 730 710 791 Praeerut
722 728 919 817 Opiterginis
933 752 936 757 ·

356 828 432 910 Hic,
456 851 559 917 quum
576 852 684 916 neque
703 829 831 892 vincula
848 852 937 916 rums

356 928 464 1009 deret,
482 953 587 1017 neque
604 930 692 993 aliud
711 930 830 1018 sperari
847 930 937 1018 effug

357 1031 467 1117 «quit,
484 1030 683 1095 deliberandi
699 1032 838 1118 spatium
857 1032 939 1093 nocti

355 1132 448 1195 «lites
468 1154 476 1195 ε
499 1153 606 1218 neque
620 1132 714 1195 etiam
736 1133 837 1195 multa
857 1131 940 1195 delih

338 1249 437 1303 mest.
455 1232 489 1297 si
510 1255 678 1320 possemus
695 1249 728 1295 et
746 1250 884 1296 mortem
899 1249 931 1296 et

354 1366 368 1389 ι
378 1333 530 1397 nimirum
548 1355 680 1421 prorsus
695 1355 764 1396 esse
779 1332 942 1397 faciundui

399 1436 482 1499 LIV.
508 1434 626 1497 ιΝιιιιο
653 1434 806 1521 quonium
829 1435 942 1497 aiterul

354 1552 441 1616 -est,
458 1551 568 1599 utrum
590 1535 631 1598 sit
651 1534 841 1622 optabilius,
856 1534 944 1621 aliqu

353 1637 513 1724 «ignavis,
525 1652 557 1699 et
568 1638 723 1699 Caesarem
734 1633 910 1722 prodituris
922 1658 944 1723 p

354 1737 508 1825 ·ingratis
525 1759 594 1800 usse
609 1735 761 1799 adversus
779 1758 871 1816 eum,
888 1737 945 1816 cuj*

354 1841 425 1902 «usi
446 1862 575 1920 sumus,
594 1838 711 1919 libeut3
744 1860 850 1925 neque
872 1839 946 1901 viru

353 1970 365 1992 ι
376 1940 609 2003 commaculare
620 1938 762 2002 infamia.
776 1938 865 2020 Quid
873 1938 947 2027 igitu

354 2039 539 2121 «libertate,
563 2038 669 2103 donec
697 2038 804 2121 adest,
827 2055 948 2104 utamui

352 2169 365 2188 ι
375 2139 594 2187 nnmiisinmxm
617 2163 675 2178 nm
697 2141 748 2175 ..3.-
757 2140 804 2173 13-
814 2164 879 2170 .....
887 2164 895 2168 .
