2670 5018
216 772 269 840 IN
301 770 412 839 LOC.
439 772 532 839 LIB.
559 773 763 843 LXXVIII
793 775 1001 846 LlVIANI.
1092 778 1136 850 35

85 912 313 954 ·suceessuum
330 911 473 971 moram,
494 889 638 955 Rhodios
655 895 845 982 oppugnari.
864 895 922 958 His
938 900 1137 988 temporibus

85 992 241 1055 «detineri
257 1007 408 1079 paratum
424 991 465 1055 ad
481 992 548 1055 haec
564 993 753 1081 corrigenda
769 996 1010 1083 imperatorem,
1022 1023 1137 1066 eorum

87 1093 214 1180 «potius
229 1114 317 1172 esse,
333 1091 391 1179 qui
407 1091 581 1181 perditam,
595 1117 691 1180 quam
705 1096 761 1183 qui
775 1096 893 1159 salvam
907 1101 1137 1185 rempublicam

85 1194 268 1281 ‹cupiant.·
281 1194 366 1257 Sane
382 1193 477 1256 etiam
494 1193 552 1274 iis,
575 1194 631 1281 qui
654 1195 802 1259 abessent
822 1195 1005 1284 reipublice
1028 1223 1138 1283 causa,

88 1295 250 1382 negotium
268 1294 370 1358 creari
385 1293 436 1358 lex
452 1293 605 1357 Memmia
621 1297 757 1361 vetabat.
774 1297 878 1385 Igitur
895 1298 964 1379 ejus
981 1298 1139 1364 beneficio

88 1396 120 1459 L.
128 1397 231 1476 Sulla,
242 1395 375 1459 tribuno
389 1411 422 1459 et
429 1393 592 1476 judicibus
604 1398 708 1461 valere
720 1398 834 1479 Jussis,
846 1399 880 1462 in
890 1400 998 1462 Asiam
1007 1416 1055 1463 est
1064 1423 1141 1487 pro·

88 1497 197 1561 lectus.
220 1495 340 1560 Iisdem
357 1495 490 1577 diebus,
508 1498 627 1583 quibus
646 1498 768 1562 sullana
790 1498 895 1563 classis
911 1501 952 1563 ab
969 1500 1060 1565 ltalia
1077 1503 1142 1566 sol·

88 1598 143 1678 vit,
159 1599 260 1661 multa
276 1596 453 1661 Mithridati
471 1599 624 1661 terribilia
639 1600 907 1678 ostenta'objecta
929 1623 998 1665 esse
1015 1625 1141 1666 memo·

89 1716 172 1762 rant:
188 1712 221 1762 et
234 1699 320 1762 inter
333 1699 393 1762 alia
401 1698 593 1779 Victoriam,
607 1697 790 1763 adulatione
801 1700 1074 1788 Pergamenorum
1089 1703 1144 1765 tali

88 1797 219 1861 artificio
238 1798 444 1877 fabricatam,
455 1814 493 1861 ut
509 1799 598 1886 quasi
612 1798 653 1862 de
667 1798 743 1862 caelo
759 1797 972 1881 descendens,
985 1824 1139 1866 coronam

89 1897 266 1961 Mithridati
289 1898 487 1986 imponeret,
508 1921 610 1985 quum
633 1900 734 1963 ferme
754 1916 851 1986 caput
873 1900 940 1979 ejus
963 1902 1141 1991 attigisset,

88 1998 196 2062 subito
217 2016 252 2063 et
274 2000 404 2063 occulto
429 1999 585 2071 machinae
605 2000 684 2063 vitio
706 2000 852 2081 haesisse3
873 1999 1101 2091 dimissumque
1124 2026 1143 2066 e

89 2100 236 2163 manibus
253 2100 323 2180 ejus
341 2122 495 2164 coronam
512 2099 553 2164 de
573 2101 697 2163 theatro
719 2100 762 2162 ita
777 2100 951 2187 procidisse
972 2102 1082 2183 humi,
1106 2118 1144 2165 ut

90 2202 365 2291 confringeretur,
389 2222 456 2264 non
475 2201 544 2264 sine
561 2200 685 2290 ingenti
702 2200 838 2263 horrore
855 2202 985 2287 populi,
1005 2218 1044 2265 ut
1061 2202 1144 2291 regis

90 2302 185 2389 ipsius
203 2302 474 2367 consternatione.

131 2404 318 2468 XXXVIII.
334 2405 424 2467 Inter
438 2403 507 2468 haec
523 2405 687 2491 profectus
702 2405 737 2467 in
755 2404 911 2470 Graeciam
933 2427 1009 2468 cum
1030 2427 1144 2494 magna

90 2504 185 2569 classe
196 2507 387 2586 Archelaus,
396 2505 548 2593 Cycladas
560 2507 594 2569 in
607 2522 798 2595 potestatem
810 2507 892 2595 regis
904 2505 1042 2597 redegit,
1053 2507 1145 2570 alias·

91 2627 151 2690 que
161 2606 239 2669 item
251 2607 371 2669 insulas
385 2605 426 2669 ad
439 2605 574 2669 Maleam
586 2629 708 2695 usque;
718 2609 840 2671 Eretria
855 2630 987 2696 quoque
1000 2624 1033 2672 et
1046 2609 1144 2673 Chal·

92 2704 178 2785 cide,
201 2721 333 2793 totaque
355 2707 452 2771 simul
473 2706 593 2771 Euboea
613 2709 745 2795 potitus.
765 2711 813 2772 Eo
839 2724 985 2797 tempore
1003 2710 1102 2774 Delus
1127 2734 1145 2774 a

92 2805 463 2896 Metrophanepraefecto
476 2807 565 2896 regio
578 2807 702 2895 direpta
713 2823 776 2891 est3
793 2832 894 2896 quum
911 2809 981 2873 sine
996 2810 1097 2874 muris
1112 2827 1146 2875 et

91 2907 257 2994 praesidio,
273 2930 438 2973 sacrorum
451 2909 658 2972 veneratione
680 2908 721 2972 ad
741 2908 775 2973 id
795 2925 922 2997 tempus
945 2908 1075 2973 delendi
1091 2933 1145 2975 so·

91 3010 178 3073 leret.
201 3011 241 3073 ln
258 3032 299 3073 eo
314 3011 458 3073 tumultu
473 3009 665 3074 convulsum
682 3032 701 3072 a
716 3008 854 3073 Barbaro
876 3009 1019 3096 quodam
1042 3011 1144 3097 Apol·

93 3110 163 3173 linis
173 3111 258 3177 Delii
269 3111 490 3192 simulacrum,
504 3110 581 3173 etin
593 3132 680 3173 mare
689 3132 747 3198 per
754 3110 983 3174 contumeliam
994 3110 1144 3190 missum,

93 3213 270 3277 ferentibus
292 3211 388 3275 undis
404 3211 445 3275 ad
460 3211 605 3274 Laconiae
621 3209 778 3298 oppidum
795 3211 883 3273 Boeas
905 3209 1064 3296 appulisse
1086 3230 1145 3271 au·

94 3327 235 3393 tumant,
248 3311 307 3376 ubi
325 3310 441 3376 deinde
463 3311 575 3375 fanum
594 3311 753 3399 Apollinis
769 3307 912 3398 Epidelii
925 3324 1144 3398 cognomento

95 3413 204 3475 Baetae
222 3411 425 3477 dedicarunt.

136 3512 291 3577 XXXIX.
319 3513 388 3577 Alia
411 3535 543 3600 quoque
566 3511 698 3577 diversis
718 3511 831 3575 insulis
854 3511 981 3575 castella
1004 3530 1023 3570 a
1052 3507 1147 3596 regiis

95 3628 273 3702 expugnata
296 3629 389 3694 suut,
411 3614 523 3678 occisis
548 3613 669 3700 ubique
695 3613 821 3677 circiter
843 3611 957 3699 viginti
973 3608 1145 3673 hominum

98 3714 254 3794 millibus,
269 3715 441 3778 maximam
460 3729 583 3802 partem
599 3714 726 3778 Italicis.
745 3713 792 3776 Ea
812 3712 882 3775 loca
894 3707 1147 3774 Atheniensibus

98 3816 268 3880 Archelaus
283 3816 447 3898 attribuit,
465 3838 484 3879 a
500 3816 620 3903 quibus
632 3813 785 3878 defecisse
796 3810 996 3875 dicebantur.
1007 3808 1149 3872 Athenas

98 3917 183 3981 enim
192 3917 286 4004 regiis
295 3916 441 4003 partibus
451 3916 596 3981 Aristion
606 3913 738 4002 quidam
749 3909 1043 3992 adjunxerat3adeo
1054 3907 1150 3971 nullis

98 4016 147 4080 vel
161 4016 201 4080 ad
223 4015 426 4105 cogendum,
447 4017 496 4081 vel
512 4016 553 4082 ad
569 4013 771 4080 suadendum
785 4010 939 4101 praesidiis
957 4012 1151 4088 instructus,

99 4133 137 4180 ut
156 4116 237 4181 nihil
253 4117 452 4206 relinquatur
474 4118 544 4182 haec
565 4116 761 4206 legentibus,
776 4136 872 4203 quam
888 4134 1022 4202 groecam
1041 4110 1151 4173 levita·

100 4232 164 4280 tem
179 4217 341 4282 admirari.

133 4375 150 4441 ς
164 4379 298 4429 mm
313 4377 380 4428 rut.
394 4380 420 4427 in
434 4378 513 4437 suu,
526 4394 549 4426 c.
564 4378 606 4424 30.
622 4404 657 4414 -.
668 4375 724 4424 vu.
735 4375 804 4423 uu.
818 4375 868 4432 m,
882 4388 905 4433 ⁷·
919 4398 954 4410 -
970 4370 986 4435 s
1005 4368 1152 4418 xxxvio.

104 4460 211 4524 Appia.
231 4488 266 4499 -
282 4462 348 4510 nor.
367 4464 419 4520 111,
438 4463 462 4511 5.
482 4489 518 4500 -
534 4461 599 4510 Plut.
616 4489 651 4499 -
671 4456 797 4508 Memnon.
819 4484 854 4495 --
875 4458 976 4505 Panna.
995 4453 1038 4502 llh.
1058 4454 1105 4501 111.
1120 4474 1155 4486 -

99 4539 257 4603 §xum
270 4544 381 4610 Appon.
950 4603 970 4674 3
