2670 5018
223 745 285 814 m
311 745 432 813 stoc.
460 745 554 811 mn.
582 746 734 812 Lxxx
763 706 986 816 Liviani.
1089 746 1137 818 ot

74 867 268 932 ·admodum
289 865 466 929 rectissime
486 865 691 940 consulatur,
712 865 902 954 ambiguum
921 869 1059 951 faciunt,
1080 873 1137 958 qui

74 970 240 1059 «placitam
256 991 364 1056 nuper
376 967 586 1047 sententiam,
604 967 647 1030 ob
662 965 809 1030 duriores
827 968 984 1055 quosdam
1002 988 1136 1036 eventus

75 1084 312 1133 «mutaverunt.

112 1172 185 1234 XV.
206 1168 368 1236 «Dudum
384 1169 471 1232 enim
486 1192 623 1234 concors
639 1187 768 1233 senatus
788 1168 932 1251 censuit,
950 1176 1136 1239 contravim

75 1273 304 1362 ·fugitirorum
323 1289 356 1336 et
367 1272 533 1352 exsulum,
548 1273 644 1335 armis
656 1271 788 1335 defendi
800 1272 1032 1360 rempublicam
1046 1297 1138 1363 opor·

75 1389 157 1437 «tere
178 1397 186 1437 :
207 1397 300 1437 nunc
322 1372 469 1437 eamdem
490 1371 576 1437 illam
602 1373 793 1436 sententiam
813 1373 970 1439 damnant
992 1377 1138 1463 plerique

75 1476 148 1562 ·qtti
164 1477 330 1555 tulerunt,
344 1473 424 1538 dum
437 1475 556 1562 legatos
568 1474 651 1537 mitti
661 1474 794 1555 jubent,
809 1492 842 1538 et
853 1476 942 1538 velut
956 1500 1030 1539 cum
1042 1477 1137 1555 justis

76 1577 245 1641 «hostibus
260 1577 302 1641 de
315 1600 393 1665 pace
409 1576 477 1664 agi:
492 1575 548 1639 sed
562 1575 596 1638 id
611 1574 742 1662 quidem
755 1577 824 1639 sine
839 1577 980 1640 maximo
993 1593 1063 1640 tum
1078 1602 1139 1666 pu-

76 1677 192 1758 ·dore,
216 1694 288 1740 tum
314 1677 410 1740 etiam
435 1675 662 1751 incommodo,
688 1676 756 1739 [ieri
776 1699 795 1739 a
820 1677 914 1740 nobis
938 1680 1063 1765 nequit.
1088 1680 1140 1744 Sic

76 1779 181 1842 «enim
198 1778 309 1841 omnia
325 1793 376 1841 tot
393 1778 554 1840 mensium
573 1776 699 1840 decretu
713 1801 776 1840 nna
792 1801 889 1867 opera
906 1780 1137 1860 rescindimus3

77 1895 128 1942 «et
142 1903 322 1968 paucorum
336 1880 484 1943 exsulum
501 1877 652 1967 potentiae
667 1878 780 1942 cedere
795 1895 925 1942 senatus
942 1881 1139 1974 majestatem

76 1982 256 2068 ‹patimur3
280 2004 386 2069 eoque
411 1997 443 2044 ct
467 1982 626 2044 malorum
650 1978 879 2043 confirmamus
904 1981 1088 2064 audaciam,
1107 2000 1140 2048 et

77 2081 202 2147 «bonos
219 2106 441 2165 exarmamus,
459 2083 622 2171 pauloque
645 2081 752 2144 minus
777 2104 874 2168 quam
892 2082 1016 2147 vinctos
1040 2084 1139 2150 tradi·

43 2250 52 2275 ¹
77 2208 167 2248 1mus
186 2184 337 2248 inimicis.
957 2257 960 2262 ,

118 2287 206 2348 xvi.
227 2317 240 2341 ι
257 2285 324 2367 Qui
348 2284 435 2348 enim
458 2285 615 2348 hactenus
635 2285 743 2348 omnia
762 2307 822 2372 pro
846 2287 1012 2349 communi
1036 2285 1138 2352 salute

78 2404 248 2475 ·prompte
263 2386 418 2473 eniseque
430 2385 596 2466 lecerunt,
606 2387 728 2473 quique
740 2387 855 2450 facturi
869 2388 1003 2452 fuerunt
1011 2406 1138 2477 postea,

77 2489 137 2569 «ii,
162 2488 296 2552 Patrum
323 2489 440 2551 timore
461 2503 652 2575 perspecto,
679 2488 777 2551 semel
803 2488 977 2552 concident
1002 2491 1138 2571 animis3

78 2606 131 2654 «et
149 2591 285 2654 sortasse
307 2612 375 2654 non
395 2604 595 2676 exspectato,
613 2587 719 2651 donec
736 2589 770 2651 in
789 2612 964 2653 commune
987 2591 1140 2680 transiga-

78 2709 165 2768 ·tur,
184 2692 247 2755 sibi
266 2692 404 2780 quisque
425 2689 582 2778 propitios
605 2689 701 2753 celeri
720 2690 878 2778 obsequio
896 2690 1022 2755 efficere
1041 2693 1139 2772 volet,

77 2816 180 2880 «quos
195 2793 295 2880 paulo
305 2806 381 2881 post
394 2790 563 2855 habendos
580 2791 642 2854 sibi
657 2790 808 2854 dominos
822 2792 1024 2856 intellexerit.
1037 2795 1142 2880 Atque

78 2893 165 2982 -ipsa
188 2895 240 2957 illa
265 2892 461 2982 transfugia,
485 2891 603 2979 quibus
627 2893 776 2955 concussi
800 2891 1018 2980 quorumdam
1041 2895 1140 2958 animi

80 2994 374 3071 «contremiscunt,
392 2993 434 3056 ab
452 2994 513 3056 hac
531 2991 735 3059 dubitatione
757 2995 875 3082 magis,
893 3018 991 3082 quam
1012 2996 1052 3059 ab
1075 2997 1142 3060 ulla

80 3097 158 3160 «alia
176 3120 272 3160 causa
292 3097 436 3184 prolecta
456 3111 553 3175 sunt3
572 3095 733 3158 mansuris
756 3095 789 3157 in
811 3094 874 3159 fide
897 3097 1077 3184 plerisque,
1094 3099 1140 3179 si,

79 3215 221 3284 «quanto
239 3214 360 3262 conatu
376 3196 558 3284 oppugnari
572 3194 805 3283 rempublicam
821 3196 948 3277 vident,
963 3213 1054 3261 tanto
1068 3220 1143 3261 con·

80 3321 197 3362 «sensu
209 3298 449 3363 defenderetur.
470 3300 590 3360 Contra
603 3290 722 3360 famem
739 3298 840 3361 multa
857 3298 999 3362 remedia
1011 3301 1142 3388 excogi-

80 3400 175 3462 «tarit
197 3400 368 3464 necessitas
386 3396 612 3462 :conferendo
631 3397 665 3460 in
682 3398 865 3486 publicum,
883 3398 973 3486 quod
993 3401 1141 3486 privatim

82 3501 238 3588 «quisque
250 3501 413 3580 continet,
429 3497 629 3562 dimetiendo
644 3498 862 3592 frumentum,
875 3498 1050 3563 emittenda
1067 3501 1141 3564 inu·

81 3602 147 3664 «titi
159 3602 271 3683 turba,
287 3623 368 3690 saepe
380 3601 511 3687 quaesita
522 3616 711 3690 repertaque
724 3617 773 3665 est
783 3599 948 3664 avertendi
960 3616 1140 3666 extremum

82 3703 233 3767 «exitium
247 3702 483 3791 opportunitas.

124 3805 228 3869 xvtt.
251 3804 426 3892 «Denique
450 3805 513 3867 hoc
538 3799 646 3892 ipsum
668 3802 863 3893 Capitolium
895 3803 997 3866 teneri
1028 3821 1142 3872 contra

84 3905 210 3970 -Gallos
225 3905 440 3993 nequivisset,
454 3905 481 3968 si
494 3920 558 3968 tam
573 3905 679 3968 mollis
692 3903 844 3968 adversus
856 3901 974 3967 famem
986 3904 1039 3969 illa
1050 3923 1143 3972 aetate

84 4008 214 4072 ·fuisset
223 4029 359 4070 romana
366 4006 530 4085 juventus.
546 4005 610 4070 Sed
625 4028 729 4085 nunc,
742 4004 850 4084 aiunt,
867 4026 934 4066 non
946 4020 995 4067 est
1004 4028 1054 4068 res
1066 4029 1143 4069 cum

84 4107 358 4190 ‹Gallis3b1arius
377 4123 409 4171 et
428 4107 531 4170 Cinna
553 4123 628 4171 ante
648 4121 756 4193 portas
775 4119 869 4184 sunt,
890 4118 923 4166 et
944 4105 1067 4186 caeteri,
1084 4105 1141 4192 qui

85 4209 250 4274 «videlicet
272 4231 410 4272 romano
431 4209 588 4296 sanguine
610 4207 691 4290 orti,
715 4205 866 4294 pietatem
881 4204 992 4292 patriae
1010 4222 1142 4292 praesta·

85 4309 200 4390 «bunt,
218 4309 348 4376 civibus
363 4309 507 4388 veniam,
525 4308 625 4397 pactis
641 4306 749 4372 fidam.
764 4305 825 4370 Hei
839 4304 934 4385 mihi,
950 4328 1048 4393 quam
1064 4307 1143 4370 cele·

85 4412 180 4477 miter
191 4410 368 4502 poenitebit
376 4434 433 4476 vos
447 4411 545 4490 hujus
562 4409 741 4499 opinionis,
756 4406 853 4472 simul
864 4422 963 4494 atque
975 4407 1094 4472 borum
1108 4408 1142 4470 in

173 4531 216 4598 Χ.
956 4518 976 4591 5
