2670 5018
220 748 276 818 IN
307 748 424 816 LOC.
450 748 545 815 LIB.
573 749 762 816 LXXXII
791 750 1005 820 LIVIANI.
1088 772 1148 819 ttt

83 885 201 956 eatque
218 869 283 932 hoc
299 869 387 956 ipsos
406 868 574 956 agnovisse
592 891 610 931 a
627 868 803 957 principio,
820 891 996 959 regemque
1011 873 1078 937 suis
1099 872 1155 936 de-

83 972 201 1035 «cretis
223 970 432 1035 liberatorem
454 986 552 1057 atque
574 969 674 1034 deum
697 973 903 1060 appellavisse
922 996 929 1037 :
948 989 1044 1060 atque
1061 976 1154 1042 illum

85 1074 246 1138 «vicissim
264 1073 418 1137 tribuisse
436 1073 553 1154 multa3
571 1072 759 1137 debitorum
772 1089 897 1161 partem
912 1075 1070 1141 remisisse
1087 1102 1156 1143 ma·
1183 1142 1186 1147 ⁴

84 1199 221 1265 «gnam3
239 1198 279 1239 ex
293 1174 389 1238 bonis
401 1172 631 1237 damnatorum
649 1173 811 1238 addidisse
825 1175 1015 1262 plurimum.
1028 1178 1094 1240 Pro
1105 1179 1155 1243 his
1246 1198 1252 1211 ’

85 1277 230 1340 «meritis
245 1274 374 1356 audire,
389 1275 488 1339 Chios
500 1277 724 1339 Romanorum
739 1298 808 1339 csse
821 1275 1043 1342 studiosiores.
1152 1355 1159 1364 θ

127 1377 212 1441 XLI.
230 1407 244 1432 «
256 1376 295 1440 Id
318 1377 465 1464 quamvis
485 1398 600 1440 verum
622 1399 691 1440 esse
712 1376 753 1440 de
774 1378 923 1441 universa
943 1379 1071 1444 civitate
1088 1404 1156 1445 non

86 1494 220 1567 «putet,
246 1478 368 1542 multos
393 1494 500 1542 tamen
526 1500 566 1541 eo
594 1478 728 1541 crimine
755 1479 875 1560 teneri,
904 1479 1156 1568 haudquaquam

89 1577 300 1667 «ambiguum
319 1602 389 1642 esse
402 1602 410 1642 ε
424 1578 552 1641 veniam
567 1594 676 1643 tamen
694 1578 862 1662 daturum,
881 1604 970 1644 arma
989 1598 1022 1645 et
1037 1582 1157 1647 liberos

89 1681 294 1770 «principum
308 1679 438 1744 obsides
455 1679 632 1745 tradituris.
646 1680 686 1743 ld
703 1679 784 1743 adeo
804 1681 887 1770 regis
908 1683 1012 1745 multo
1029 1683 1158 1766 minus,

90 1805 207 1868 «quant
217 1782 392 1864 Chiorum,
410 1780 583 1863 interesse,
599 1803 707 1868 neque
720 1781 782 1863 illi,
800 1805 899 1869 quam
914 1784 1052 1865 civitati,
1067 1801 1158 1850 tanto

90 1883 185 1947 «odio
206 1907 277 1949 esse
296 1884 433 1966 debere,
456 1884 581 1971 quires
601 1905 700 1947 novas
720 1883 907 1947 moliantur.
924 1884 1056 1973 Quippe
1072 1887 1157 1950 illius

90 2008 159 2050 «res
173 1984 357 2051 defectione
372 1986 531 2050 Chiorum
547 2008 616 2049 non
635 1986 738 2050 multo
755 1985 933 2050 deteriores
949 1990 1036 2069 fore,
1055 1991 1158 2077 atqui

92 2088 200 2152 «Chiis
210 2111 321 2179 regem
332 2088 559 2169 inconcilient,
574 2105 700 2152 certum
714 2088 825 2175 patn'ae
837 2110 903 2151 suae
917 2088 1078 2153 excidium
1092 2115 1159 2155 me·

90 2188 224 2254 «ditariz
243 2213 319 2254 nam
338 2205 372 2253 et
384 2190 523 2253 insulam
542 2206 639 2254 tantae
655 2190 739 2278 regis
753 2191 908 2277 potentia.²
925 2191 1072 2256 resistere
1091 2216 1159 2255 non

93 2313 222 2378 «posse3
239 2307 272 2355 et
287 2304 474 2379 quanquam
488 2292 523 2355 in
538 2293 659 2356 Boeotia
674 2292 779 2355 victor
797 2291 885 2356 Sulla
900 2293 1073 2374 exstiterit,
1091 2317 1157 2357 non

92 2393 211 2457 «modo
228 2416 303 2457 curu
320 2393 388 2457 aliis
405 2394 599 2457 exercitibus
613 2392 827 2470 Mithridatis,
845 2393 966 2481 quibus
980 2419 1036 2459 rex
1053 2395 1159 2459 abun·

91 2494 183 2577 «det,
197 2496 257 2560 sed
275 2497 372 2560 etiam
388 2519 464 2560 curu
482 2496 606 2560 civibus
623 2496 689 2559 suis
705 2495 943 2559 dimicaturam.

132 2598 234 2661 XLII.
251 2599 343 2662 «lam
359 2598 393 2661 in
414 2597 570 2662 Graeciam
590 2598 827 2661 transcendisse
847 2598 883 2660 L.
892 2597 1057 2660 Valerium
1079 2620 1160 2661 con·

93 2699 232 2780 «sulem,
247 2701 465 2763 marianarum
477 2701 619 2787 partium
630 2700 757 2762 virum:
773 2721 881 2786 neque
895 2687 1037 2762 dubitari
1050 2722 1160 2786 posse,

92 2800 193 2887 «quin
209 2801 255 2864 ibi
268 2801 416 2865 locorum
432 2799 546 2864 eadem
560 2801 626 2864 sint
637 2801 809 2864 exercituri
826 2799 918 2881 odia,
936 2824 1008 2887 quae
1024 2800 1114 2865 domi
1130 2819 1161 2865 et

92 2904 148 2965 «in
166 2904 257 2967 ltalia
281 2903 533 2967 ostendissent«.
553 2903 643 2982 Chii,
664 2917 838 2989 postquam
860 2902 928 2965 hacc
949 2901 1162 2984 audiverunt,

94 3002 168 3069 hinc
184 3006 390 3086 necessitate,
412 3005 488 3068 inde
505 3026 562 3092 spe
583 3005 732 3091 impulsi,
754 3005 904 3067 lecerunt
921 3005 1088 3091 imperata.
1105 3005 1162 3068 Id·

94 3106 177 3171 circo
192 3108 355 3171 Zenobius
366 3106 522 3195 Erythras
538 3106 655 3186 misso,
668 3104 759 3193 quod
777 3122 846 3170 erat
861 3105 1034 3185 traditum,
1049 3128 1163 3193 exspe-

94 3224 178 3272 ctare
190 3209 289 3274 Chios
301 3209 408 3272 literas
424 3208 525 3297 regias
531 3208 646 3288 jussit5
661 3230 772 3294 eaeque
785 3208 883 3296 paulo
895 3223 971 3294 post
982 3208 1163 3288 affuerunt,

95 3310 126 3374 in
148 3311 234 3376 hanc
257 3312 451 3375 sententiam
473 3311 610 3398 scriptae.
633 3339 646 3365 «
660 3310 757 3373 Nunc
780 3332 913 3398 quoque
938 3312 1162 3375 Romanorum

95 3411 257 3476 «fautores
274 3434 343 3475 esse
357 3410 509 3500 pergitis,
527 3433 671 3498 quorum
688 3410 796 3474 adhuc
811 3433 879 3473 non
897 3411 989 3498 pauci
1008 3412 1041 3473 in
1058 3428 1164 3476 vestra

94 3544 107 3569 «
117 3513 198 3576 urbe
225 3512 371 3601 degunt3
403 3511 522 3600 praedia
550 3535 684 3600 quoque
710 3535 824 3575 eorum
857 3513 1028 3592 exercetis,
1059 3535 1165 3600 neque

94 3613 249 3702 «vectigal
263 3613 357 3677 nobis
372 3636 487 3677 eorum
503 3614 637 3677 nomine
653 3613 805 3701 penditis.

137 3716 254 3780 XLIII.
278 3717 342 3779 «Et
362 3739 477 3779 navem
501 3715 635 3804 quidem
658 3739 763 3779 meam
784 3717 926 3803 impulsu
948 3715 1088 3779 triremis
1108 3738 1163 3780 ve·

95 3833 188 3881 «strae
199 3816 440 3907 propemodum
455 3817 653 3898 demersam,
671 3818 773 3904 culpae
787 3817 1012 3905 gubernatoris
1026 3815 1165 3881 adscribi

95 3920 208 3984 «facile
225 3935 371 4007 paterer,
392 3919 453 3982 nisi
472 3935 594 3984 vestros
616 3919 742 3982 animos
763 3920 845 3982 clam
867 3919 956 3982 missi
977 3918 1018 3981 ad
1041 3919 1164 3983 Sullam

94 4023 287 4111 «optimates
308 4038 501 4111 arguereut;
526 4019 617 4109 quod
640 4022 666 4084 si
692 4020 824 4108 publico
841 4021 976 4084 consilio
995 4043 1063 4083 non
1082 4038 1165 4085 esset

95 4141 262 4215 «gestum,
281 4125 432 4187 nuntiare
448 4146 524 4204 vos,
544 4139 590 4199 et,
606 4121 718 4186 delatis
733 4145 864 4185 reorum
884 4121 1093 4202 nominibus,
1109 4144 1165 4185 su·

95 4258 108 4283 «
117 4228 263 4316 spicione
280 4226 418 4289 liberare
435 4225 597 4289 civitatem
611 4225 767 4313 oportuit.
781 4224 848 4288 Vos
862 4224 962 4313 igitur
976 4246 1045 4287 non
1063 4224 1166 4311 impe·

94 4329 163 4392 «rio
177 4344 307 4391 tantum
321 4349 413 4407 meo,
428 4325 597 4390 sedetiam
613 4326 707 4389 saluti
726 4324 910 4405 insidiatos,
926 4348 1112 4412 quanquam
1126 4324 1167 4390 dc

95 4460 108 4485 «
118 4429 278 4494 sententia
295 4428 477 4492 amicorum
498 4427 658 4516 supplicio
674 4426 802 4492 afficere
817 4427 1016 4508 debueram,
1036 4425 1167 4489 duobus

95 4532 316 4598 «talentorum
332 4529 475 4595 millibus
492 4530 648 4595 mulctare
665 4531 759 4594 malo.
771 4561 784 4587 t
797 4529 944 4618 Trepidis
959 4529 999 4593 ad
1016 4529 1100 4607 baec,
1118 4544 1169 4607 et,
