2670 5018
116 862 623 885 mmmmm
995 861 1181 883 mfflvum

254 1065 540 1156 JOANNIS
581 1066 1049 1155 FREINSHEMII

160 1304 1140 1444 SUPPLEMENTORUM
1221 1284 1223 1289 ’

339 1598 964 1725 lelANORuM

457 1857 634 1936 LIBER
670 1857 842 1937 LXXII

291 2077 336 2131 IN
364 2076 518 2134 LOCUM
542 2077 665 2133 LIBRI
692 2075 785 2132 CVII
812 2075 1000 2130 LIVIANI.

455 2333 849 2367 ψ.

526 2536 769 2605 ΕΡΙΤΟΜΕ

313 2699 446 2754 LIBRI
475 2697 740 2755 CENTESIMI
769 2698 979 2754 SEPTIMI.

113 2837 144 2890 C.
159 2837 257 2907 Cesar,
265 2837 380 2891 Treviris
394 2838 423 2891 in
437 2837 524 2891 Gallia
539 2837 633 2905 victis,
651 2837 747 2891 iterum
761 2836 788 2890 in
801 2836 973 2891 Germaniam
984 2837 1106 2900 transiit;
1119 2835 1180 2888 nul·

147 2910 276 2992 loque'ibi
290 2921 366 2976 hoste
380 2922 505 2989 invento,
522 2918 684 2995 reuersus-in
697 2921 828 2985 GaIIiam,
843 2916 984 2975 Eburones
998 2912 1024 2974 et
1038 2921 1102 2974 alias
1116 2920 1179 2974 eivi-

139 3016 232 3083 ffles,
248 3023 307 3077 que
319 3007 546 3081 conspiraverunt,
561 3007 641 3081 vicit,
657 3019 683 3060 et
693 2994 875 3078 Ambiorigem
890 3006 917 3058 in
931 3006 993 3077 Iuga
1005 3015 1180 3079 persequutus

148 3101 196 3140 est.
208 3088 236 3139 P.
247 3088 348 3153 Clodii,
360 3109 375 3143 u
385 3091 417 3142 Τ.
424 3090 513 3144 Annio
522 3089 637 3154 Milone,
649 3088 793 3144 candidato
802 3090 975 3152 consulatus,
990 3090 1073 3160 Appia
1089 3088 1131 3140 via
1146 3087 1181 3141 ud

148 3171 262 3224 Bovillas
273 3173 372 3238 oocisi,
385 3192 480 3246 corpus
492 3173 568 3246 plebe
578 3174 607 3227 in
617 3174 691 3228 curia
705 3174 844 3227 cremavit.
855 3175 947 3238 Quum
958 3171 1101 3225 seditiones
1110 3171 1181 3224 inter

148 3254 303 3310 candidatos
319 3257 470 3312 consulatus
479 3257 622 3330 Hypseum
634 3295 642 3322 ‚
655 3257 821 3330 Scipionem,
835 3269 862 3309 et
871 3257 999 3309 Milonem
1013 3267 1116 3318 essent,
1133 3254 1180 3326 qui

147 3339 227 3393 ermis
237 3358 267 3393 nc
279 3339 306 3392 vi
316 3339 529 3405 contendebant,
545 3339 580 3393 nd
590 3338 804 3413 comprimendos
813 3358 858 3393 eas
869 3341 919 3392 Cn.
929 3338 1069 3411 Pompeius
1079 3338 1180 3409 legatus

147 3444 164 3478 a
181 3437 273 3479 senatu
291 3425 384 3479 consul
400 3423 507 3478 tertium
525 3425 609 3478 saeuis
626 3437 680 3488 est,
701 3425 796 3478 absens
815 3437 841 3477 et
860 3424 947 3488 solus,
964 3422 1037 3496 quod
1053 3422 1120 3475 nulli
1136 3421 1181 3475 ulii

147 3527 265 3581 unquam
275 3508 392 3580 contigit.
405 3508 558 3574 Questione
567 3507 672 3562 decretu
682 3508 717 3563 de
730 3522 815 3563 morte
831 3510 860 3562 P.
876 3508 980 3573 clodii,
1001 3507 1066 3560 Milo
1077 3505 1181 3579 judicio

146 3590 288 3646 demuntur
298 3593 327 3644 in
339 3591 460 3645 exsilium
473 3605 548 3646 actus
558 3605 606 3646 est.
618 3595 672 3648 Lex
682 3593 736 3647 lete
746 3606 800 3657 est,
817 3606 847 3646 ut
862 3593 929 3648 ratio
942 3593 1056 3646 absentis
1068 3591 1180 3646 Cauris

146 3676 173 3727 in
183 3677 311 3748 petitione
322 3677 475 3731 consulatus
489 3676 650 3742 haberetur,
668 3676 752 3730 invito
766 3690 792 3730 et
804 3675 1000 3730 contradicente
1016 3677 1054 3728 M.
1069 3678 1180 3728 Catone.

146 3759 273 3814 Protei-ea
282 3780 323 3814 res
335 3772 445 3833 gestaru
463 3762 495 3815 C.
507 3762 609 3814 Cesure
623 3760 750 3815 adversus
764 3761 870 3825 Gallos,
890 3762 936 3834 qui
950 3779 1033 3833 prope
1047 3760 1179 3825 universi,

147 3842 360 3918 Vercingetorige
377 3845 495 3898 Arverno
512 3844 599 3910 duce,
625 3843 798 3911 defecerunt,
815 3858 841 3900 et
859 3845 1005 3898 laboriosas
1026 3843 1179 3897 obsidiones

146 3925 251 3979 urbium
264 3929 400 3992 eontinet;
417 3929 485 3982 inter
501 3947 568 4000 quas
584 3928 689 3981 Avarici
708 3929 873 4000 biturigum,
896 3940 922 3981 et
937 3926 1074 3998 Gergovioe
1088 3929 1184 3980 Arver-

146 4027 252 4062 norum.

111 4219 137 4282 1.
158 4177 265 4282 Dure
288 4217 330 4282 ad
348 4219 516 4283 Orientem
534 4220 599 4283 hoc
613 4219 733 4284 vulnus
756 4220 871 4308 accipit
887 4220 1088 4308 respublica,
1109 4238 1176 4279 non

111 4319 237 4384 minore
252 4319 287 4383 in
303 4335 393 4384 metu
407 4321 550 4410 legiones
566 4337 675 4401 erant,
694 4344 766 4409 quae
777 4320 840 4409 ‘per
858 4322 976 4387 Gallias
993 4321 1054 4385 sub
1072 4319 1176 4406 impe·
1199 4402 1202 4407 Α

112 4438 216 4486 satore
235 4425 270 4487 C.
295 4424 418 4510 Caesure
437 4424 613 4490 merebant.
640 4424 835 4510 Quanquam
855 4425 942 4486 enim
961 4421 1091 4486 defensa
1113 4441 1177 4481 nu·

112 4546 170 4609 per
192 4525 354 4589 Ciceronis
379 4540 501 4606 castra,
524 4524 656 4589 defensa
676 4525 714 4588 Τ.
741 4525 871 4588 Labieni
888 4538 997 4602 orant,
1018 4543 1083 4582 non
1103 4519 1177 4582 ideo
