2670 5018
261 752 311 820 tn
344 752 455 820 noc.
481 753 573 819 tm.
600 755 724 823 xctv
754 754 967 826 ervum.
1070 783 1134 854 271

88 871 229 935 solennis
239 869 385 935 sacrificii
397 870 522 952 aderat,
540 893 601 937 nec
612 872 769 938 destinata
783 875 858 939 Deoe
875 875 979 942 hostia
994 895 1141 967 suppeto·

87 971 158 1053 bat,
175 970 234 1035 sed
245 992 320 1034 cum
334 987 449 1035 caetero
458 972 691 1060 Cyzicenorum
709 992 857 1040 armento
869 992 956 1042 trans
970 977 1088 1044 fretum
1104 981 1139 1044 in

87 1071 227 1158 pascuis,
245 1072 323 1135 etin
340 1087 496 1159 potestate
512 1072 656 1137 hostium
670 1091 747 1140 erat.

128 1173 202 1237 XV.
226 1169 368 1253 Idcirco,
390 1188 428 1235 ut
448 1172 599 1237 humanis
622 1175 758 1263 ingeniis
781 1177 922 1264 proclive
945 1193 1013 1259 est,
1035 1180 1140 1245 cultus

88 1273 186 1339 divini
206 1274 427 1362 magisterium
445 1273 506 1337 sibi
520 1296 664 1356 sumere,
679 1276 914 1341 Messeniorum
930 1293 1026 1366 atque
1046 1279 1142 1343 Lace·

88 1375 321 1440 daemoniorum
337 1375 500 1463 exemplo,
515 1375 572 1462 qui
589 1391 720 1440 centum
736 1375 879 1464 tripodas
894 1392 1034 1442 statuere
1046 1377 1141 1459 jussi,

88 1478 205 1566 eligno
215 1491 273 1539 aut
285 1477 354 1539 luto
368 1475 526 1557 fecerant,
540 1492 662 1564 pastam
674 1476 801 1540 clarina
815 1477 997 1541 formarunt
1006 1478 1041 1542 in
1051 1477 1143 1542 boris

88 1574 221 1666 figuram
240 1577 393 1665 :jamque
409 1577 625 1642 admovebant
638 1578 717 1659 aris,
737 1601 839 1666 quum
859 1601 917 1666 per
932 1578 1070 1643 mediam
1088 1602 1144 1643 ur·

88 1676 160 1740 bem
175 1700 275 1741 cursu
289 1678 391 1741 lermr
402 1700 477 1741 vera
495 1677 642 1759 victima,
666 1701 753 1766 quae,
771 1679 884 1744 relicto
897 1696 1061 1763 armento,
1075 1682 1142 1745 sola

89 1801 144 1865 per
156 1778 302 1841 hostium
315 1778 447 1841 classem
460 1777 502 1842 de
520 1779 687 1843 montibus
704 1778 925 1861 adnataverat,
941 1802 982 1844 ne
997 1781 1143 1846 claustris

89 1879 235 1968 quidem,
250 1901 321 1967 quae
334 1878 375 1942 ad
389 1880 550 1968 angustias
566 1897 680 1969 portus
693 1896 852 1945 exstructa
864 1898 970 1963 erant,
987 1883 1143 1946 moranti·

89 1980 162 2062 bus,
178 1995 211 2044 et
228 1979 290 2043 sub
303 1979 394 2067 aquis
408 1994 556 2061 emenso,
575 1980 664 2068 quod
677 1981 730 2044 illa
743 1981 949 2064 obtinebant,
965 1984 1078 2071 spatio.
1090 1985 1143 2048 Sa·

89 2081 206 2146 crificio
224 2102 352 2145 summa
362 2082 597 2170 Cyzicenorum
616 2081 737 2165 laetitia,
754 2082 798 2145 ob
816 2099 1023 2170 praesentem,
1042 2099 1079 2148 ut
1094 2084 1143 2148 in·

89 2183 361 2272 terpretabantur,
384 2183 526 2245 numinis
549 2182 706 2265 favorem,
726 2199 876 2272 peracto,
899 2205 1007 2274 regem
1029 2185 1141 2266 amici,

89 2306 127 2349 ne
140 2308 217 2350 curn
231 2283 293 2348 diis
305 2298 479 2372 pugnaret,
496 2283 717 2347 hortabantur.

128 2386 218 2450 XVI.
241 2385 299 2449 llle
319 2384 399 2447 nihil
416 2384 561 2465 territus,
580 2406 599 2447 a
617 2384 758 2464 cervice,
775 2406 839 2472 qua
854 2383 1021 2472 Dindymo
1038 2388 1140 2450 monti

88 2486 163 2550 urbs
179 2485 404 2565 connectitur,
425 2506 538 2573 aggere
559 2483 676 2565 ducto,
695 2501 800 2548 turres
820 2484 989 2572 imposuit,
1005 2485 1141 2549 tutiores

88 2585 209 2649 aventi
232 2586 357 2674 impetu
377 2585 522 2665 futuras3
544 2584 711 2649 cuniculos
735 2607 866 2672 quoque
890 2585 976 2674 egit,
996 2586 1142 2650 alacriter

88 2686 332 2752 occurrentibus
344 2685 385 2749 ad
401 2685 510 2749 omnia
525 2684 681 2767 obsessis,
696 2685 752 2772 qui
770 2683 909 2749 vicisim
923 2700 957 2749 et
968 2685 1029 2773 ipsi
1044 2686 1143 2749 suffo-

88 2786 211 2852 dientes
230 2786 387 2868 humum,
409 2784 583 2873 aliquando
604 2786 645 2850 ab
668 2787 738 2875 ipso
754 2808 829 2876 rege
848 2786 881 2850 in
895 2786 1054 2850 cuniculis
1074 2787 1141 2851 suis

87 2886 300 2979 opprimendo
311 2885 401 2950 haud
411 2886 551 2950 multum
564 2886 750 2950 abluerunt.
761 2888 850 2951 Inter
861 2887 930 2952 haec
942 2887 1037 2951 etiam
1051 2910 1141 2951 com·

87 3007 174 3077 perta
191 2988 317 3054 Luculli
329 2988 496 3076 prasentia
510 2989 610 3076 magis
626 2988 724 3052 erecti
737 3002 816 3051 sunt
831 2989 950 3071 anImi3
967 3005 1141 3076 postquam

89 3090 201 3154 missus
214 3087 256 3152 ab
269 3088 424 3152 Archelao
439 3090 608 3153 Demonax
621 3088 743 3176 primus
758 3087 792 3152 id
807 3090 958 3153 nuntium
974 3090 1008 3152 in
1026 3091 1142 3155 urbem

88 3191 213 3274 Intulit3
239 3190 547 3279 dubitantibusque,
566 3213 662 3279 puer,
683 3191 739 3278 qui
761 3189 973 3277 captivitatem
996 3190 1140 3254 hostiumr

89 3292 161 3383 Iuga
189 3309 351 3373 evaserat,
379 3292 617 3382 interrogatus,
644 3292 702 3356 ubi
727 3306 830 3356 castra
854 3312 988 3354 romana
1012 3307 1140 3372 essent,

88 3394 187 3486 digito
201 3393 477 3459 commonstravit.

127 3497 234 3561 XVII.
254 3496 368 3582 Neque
387 3493 607 3583 praetereunda
627 3510 676 3559 est
695 3496 762 3576 via,
782 3516 846 3582 qua
864 3493 998 3558 nuntius
1015 3493 1141 3558 Luculli

89 3596 250 3661 obsessam
262 3595 297 3658 in
308 3594 424 3658 urbem
434 3595 612 3683 penetravit
622 3617 630 3659 t
641 3616 782 3683 namque
791 3593 875 3659 duos
886 3594 1041 3659 maximos
1051 3611 1140 3659 utres

88 3696 148 3761 leri
160 3696 278 3761 tabulae
296 3694 494 3778 subjecerat3
513 3696 641 3761 utribus
653 3697 768 3760 insutte
783 3696 882 3760 literas
894 3696 1019 3760 Luculli
1034 3712 1141 3777 erant,

88 3820 153 3886 qno
168 3796 322 3861 adversus
337 3796 509 3860 humorem
527 3813 734 3886 tegerentur:
749 3796 790 3861 ab
803 3796 948 3861 inferiori
961 3811 1053 3884 parte
1067 3795 1141 3862 dute

89 3900 205 3989 regulte
220 3897 375 3963 distantes
396 3898 534 3961 invicem
548 3913 637 3962 utres
653 3897 884 3962 continebant:
898 3897 975 3961 huic
987 3897 1142 3964 machiota

89 3998 272 4090 impositus,
285 4019 344 4087 per
356 3998 525 4078 trajectum
540 4015 662 4087 septem
676 3999 774 4062 millia
788 4019 940 4088 passuum
952 3998 1141 4083 habentem,

88 4100 224 4188 pedibus
245 4101 307 4164 iter
325 4098 566 4189 adgubernnns,
586 4100 671 4164 inter
690 4101 808 4165 molem
832 4098 1027 4164 Mithridatis
1045 4116 1142 4189 atque

119 4335 224 4400 sm.
238 4333 347 4399 Appian.
361 4359 395 4371 —
409 4333 473 4382 Plnt.
492 4359 527 4370 -
544 4336 646 4382 Pausan.
664 4333 706 4382 lib.
725 4334 769 4381 IV.
786 4332 1142 4399 -Jn1.obsoq.-sxv.
1202 4330 1205 4339 ⁴

88 4420 165 4469 tuas.
178 4419 225 4468 lib.
241 4419 301 4467 ΧΠ.
314 4444 349 4455 -
363 4417 472 4483 Appian.
489 4442 524 4454 -
537 4416 603 4465 ntur.
621 4441 656 4451 -
675 4414 775 4480 §xvt
789 4415 887 4466 Sallust.
907 4417 972 4466 nist.
992 4419 1047 4475 111,
1066 4418 1090 4465 δ.
1107 4442 1143 4453 -

89 4503 158 4553 Oros.
168 4506 220 4564 VI,
234 4519 261 4552 a.
272 4529 306 4539 --
316 4503 401 4550 Front.
413 4501 486 4549 strat.
497 4500 550 4559 111,
567 4499 606 4546 13.
621 4524 655 4534 -
667 4497 733 4546 tter.
742 4500 793 4557 111,
806 4497 829 4546 5.
842 4524 875 4535 -
887 4496 951 4545 Plut.
