2670 5018
296 779 351 848 IN
380 780 488 849 LOC.
515 780 607 847 LIB.
635 783 736 850 CXV
765 783 975 854 LIVIANI.
1093 811 1164 883 ²79

109 896 202 961 datus
227 899 355 985 praetori
380 898 507 979 adjutor
527 900 651 981 fuerat,
674 924 749 965 cum
771 924 884 990 magna
907 904 1044 968 militum
1064 928 1164 971 manu

108 998 195 1086 apud
219 1000 340 1063 Salinas
365 1016 529 1087 agentem,
554 1001 597 1063 ita
613 1002 925 1089 improvisoimpetu
941 1005 1114 1091 oppressit,
1130 1022 1168 1072 ut
1210 1049 1214 1057 ·

110 1101 191 1163 nibil
204 1101 337 1187 propius
354 1101 396 1164 sit
408 1101 549 1181 factum,
566 1124 662 1188 quam
685 1118 722 1165 ut
736 1102 893 1166 lavantem
913 1106 1166 1191 comprehende·

110 1217 167 1264 ret.
192 1201 426 1288 Impedirnenta
451 1216 535 1264 certe
565 1202 632 1280 ejus
657 1202 764 1265 omnia
789 1201 943 1290 diripuit,
964 1206 1168 1293 vestigiisque

111 1302 303 1390 fugientium
321 1303 462 1382 haerens,
480 1303 598 1366 multos
620 1302 756 1384 occidit,
774 1318 806 1366 et
820 1319 920 1367 castra
934 1327 1047 1367 eorum
1064 1307 1168 1393 cepit,

111 1405 179 1491 ipso
203 1404 248 1466 ibi
271 1405 419 1467 Cossinio
445 1404 624 1468 interfecto,
649 1405 733 1468 Hinc
757 1405 903 1468 Lucaniae
928 1428 1075 1495 magnam
1095 1430 1169 1494 par·

111 1521 192 1583 tem,
216 1505 387 1568 thurinum
404 1507 541 1568 maxime
556 1507 882 1594 metapontinumque
898 1531 1010 1596 agrurn
1026 1509 1058 1571 in
1077 1524 1168 1596 pote·

111 1623 189 1670 state
206 1607 332 1696 fugitivi
350 1607 553 1686 habuerunt,
571 1607 646 1693 ipsis
662 1629 794 1694 quoque
810 1609 946 1672 urbibus
959 1608 1073 1673 eodem
1085 1610 1169 1673 bello

112 1710 213 1795 potiti.
229 1709 448 1788 AtVarinius,
461 1707 538 1770 dum
553 1708 622 1771 haec
632 1725 774 1796 aguntur
786 1731 804 1771 a
817 1709 975 1797 fugitivis,
986 1733 1068 1799 aegra
1081 1728 1170 1798 parte

112 1810 248 1873 militum
264 1809 412 1873 autumni
426 1811 594 1899 gravitate,
610 1831 716 1895 neque
733 1833 772 1872 ex
788 1827 948 1897 postrema
960 1813 1053 1899 lirga,
1067 1835 1168 1899 quum

111 1934 221 1974 severo
237 1910 345 1974 edicto
354 1911 566 1990 juberentur,
582 1910 655 1974 ullis
669 1909 810 1999 adsigna
824 1910 1056 1992 redeuntibus,
1069 1928 1100 1975 et
1113 1913 1170 2000 qui

112 2013 224 2098 reliqui
249 2028 355 2093 erant,
373 2036 430 2099 per
446 2035 572 2075 summa
594 2011 709 2099 flagitia
731 2012 984 2076 detrectantibus
1006 2014 1170 2093 militiam,

112 2130 302 2199 quaestorem
319 2137 414 2177 suum
434 2115 470 2176 C.
490 2112 709 2191 Tlroranium,
726 2133 765 2174 ex
780 2134 846 2197 quo
865 2129 1021 2198 praesente
1037 2135 1111 2176 vera
1123 2115 1171 2176 fa·

112 2212 226 2277 cillime
243 2229 472 2294 noscerentur,
489 2214 523 2276 in
546 2213 666 2275 Urbem
691 2212 840 2291 miserat,
861 2228 893 2275 et
914 2228 1020 2275 tamen
1041 2214 1170 2277 interim

112 2336 185 2376 cnm
201 2315 386 2378 volentibus
400 2315 434 2376 in
452 2313 688 2402 expeditionem
706 2312 837 2400 prodiit.

155 2417 226 2479 Vll.
245 2416 379 2480 Auxiliis
397 2414 515 2478 deinde
533 2414 724 2494 contractis,
743 2437 846 2501 quum
866 2413 1013 2501 quaedam
1030 2438 1096 2479 non
1114 2418 1174 2480 im·

112 2538 262 2603 prospere
277 2517 441 2604 gessisset,
463 2532 576 2579 contra
597 2538 720 2579 morem
738 2515 855 2579 fiducia
871 2518 980 2604 augeri
998 2519 1173 2599 Romanis,

113 2632 144 2678 et
158 2617 264 2704 promi
284 2617 393 2705 lingua
410 2616 524 2703 coepit:
543 2639 609 2704 quo
624 2618 775 2680 Varinius
790 2634 903 2681 contra
918 2635 1091 2706 spectatam
1103 2640 1171 2682 rem

113 2717 239 2782 incaute
255 2734 362 2780 motus
375 2765 384 2798 ,
397 2741 498 2780 novos
512 2718 762 2807 incognitosque
774 2735 806 2782 et
819 2719 956 2783 aliorum
967 2721 1092 2784 casibus
1104 2743 1174 2807 per-

114 2820 216 2882 culsos
237 2820 372 2899 milites,
390 2819 480 2882 ducit
503 2835 609 2882 tamen
637 2819 678 2883 ad
703 2837 804 2884 eastra
830 2821 1041 2909 lugitivorum
1062 2844 1172 2908 presso

113 2919 233 3005 gradu,
255 2920 384 2983 silentes
399 2920 482 3000 jam,
501 2943 607 3007 neque
631 2937 696 2985 tam
721 2921 888 3009 magnifice
910 2925 1075 2986 sumentes
1090 2945 1173 3009 prte-

114 3020 205 3101 lium,
221 3044 319 3108 quam
334 3021 583 3108 postulaverant.
600 3024 641 3085 At
656 3023 781 3112 fugitivi
799 3023 973 3086 certamine
987 3022 1112 3086 consilii
1124 3024 1174 3087 in·

114 3137 161 3185 ter
174 3147 208 3186 se
216 3124 307 3203 juxta
319 3123 510 3187 seditionem
525 3139 635 3203 erant,
654 3125 750 3187 Crixo
759 3141 791 3187 et
802 3125 905 3212 gentis
917 3123 1062 3202 ejusdem
1076 3123 1173 3186 Gallis

114 3240 209 3311 atque
225 3224 394 3287 Germanis
408 3224 535 3287 obviam
550 3225 596 3287 ire
610 3241 642 3286 et
655 3225 742 3287 ultro
759 3224 877 3288 offerre
889 3247 1030 3312 pugnarn
1042 3224 1175 3310 cupien-

115 3324 209 3389 tibus.
223 3328 341 3388 Contra
357 3326 510 3411 Spartaco
527 3324 707 3405 dimittere,
724 3336 795 3412 quae
809 3325 993 3387 haberente
1007 3326 1080 3387 loco
1090 3346 1177 3387 com·

116 3424 231 3504 moda,
251 3442 284 3488 et
306 3448 403 3512 quam
421 3426 547 3513 integro
570 3427 712 3489 exercitu
733 3441 918 3512 sperarent,
939 3448 1014 3487 curn
1030 3424 1174 3511 periculo

115 3526 279 3587 victoriam
294 3549 438 3612 quaerere
453 3549 519 3588 non
534 3527 688 3612 placebat.
702 3527 779 3607 Quo
792 3525 911 3588 deinde
928 3525 1041 3588 ordine
1055 3548 1091 3587 ac
1103 3525 1175 3589 loco

115 3646 164 3686 res
183 3648 384 3713 unaquaeque
401 3641 489 3713 gesta
505 3627 566 3705 sit,
583 3627 727 3706 amissis,
745 3649 816 3713 quae
837 3625 878 3689 de
900 3626 964 3688 hoc
980 3626 1067 3690 bello
1085 3643 1176 3690 erant

116 3725 262 3810 prodita,
279 3749 344 3789 non
364 3726 469 3789 habeo
486 3726 602 3790 dicere.

157 3826 246 3890 Vlll.
262 3827 349 3891 Illud
362 3843 486 3890 certum
501 3827 615 3914 utique
628 3827 784 3907 habetur,
803 3826 913 3889 multis
925 3826 1040 3914 praeliis
1054 3825 1174 3890 rictum

116 3949 134 3989 a
147 3927 298 4015 Spartaco
311 3927 480 3989 Varinium
494 3949 579 4007 esse,
594 3944 626 3990 et
637 3927 719 3990 adeo
732 3948 815 4016 aegre
829 3927 991 4013 elapsum,
1004 3942 1041 3989 ut
1052 3948 1175 4014 equum

116 4027 198 4092 illius
213 4029 342 4092 lictores
355 4052 430 4092 cum
445 4028 584 4092 fascibus
602 4045 634 4092 et
652 4029 797 4117 insigniis
814 4028 1014 4116 magistratus
1030 4027 1070 4091 ad
1084 4029 1177 4116 Spar·

117 4142 222 4191 tacum
251 4127 375 4216 fugitivi
398 4129 594 4209 detulerint,
618 4130 735 4217 quibus
759 4129 854 4193 etiam
877 4145 987 4217 postea
1016 4152 1093 4193 usus
1118 4145 1179 4193 est.

115 4230 240 4294 Eodem
258 4247 404 4319 tempore
425 4255 529 4318 quum
550 4233 633 4295 forte
653 4234 827 4319 praeclusus
845 4254 863 4294 a
884 4232 919 4295 P.
934 4231 1067 4294 Varinio
1087 4230 1178 4315 Spar·

116 4346 204 4395 tacus
225 4331 356 4411 fuisset,
376 4333 491 4419 insigni
510 4349 581 4396 astu
604 4333 730 4419 elapsus
749 4350 812 4396 est..
828 4334 941 4413 Quum
960 4332 1046 4394 eninr
1070 4329 1182 4415 operi·.

152 4528 169 4593 s
182 4531 226 4580 Vl.
240 4529 361 4576 Plutarch.
371 4556 405 4565 -
417 4528 480 4577 l'lor.
492 4556 526 4566 -
538 4529 635 4577 Sallust.
647 4533 742 4591 Fragor.
