2670 5018
249 775 305 843 IN
337 774 450 842 LOC.
476 775 570 843 Ltn
598 768 783 845 LXXXII
813 780 1023 852 LIVIANI.
1129 808 1177 880 99

99 897 214 961 chelao
226 892 446 982 chalcaspides
458 893 568 958 ibant:
581 893 638 959 sed
651 896 766 960 eximia
776 899 1000 966 Romanorum
1013 905 1175 973 alacritate

100 999 259 1090 praevenit
278 1020 334 1062 eos
356 996 458 1078 Sulla,
479 997 655 1085 locumque
676 1002 900 1066 communivit.
918 1004 963 1067 Ut
980 1004 1045 1084 jam
1068 1009 1174 1076 redire

101 1102 260 1167 militibus
280 1100 399 1181 virtus,
419 1114 452 1162 et
472 1120 637 1163 armorum
661 1100 779 1165 fiducia
802 1105 915 1191 coepit,
938 1107 1099 1197 Sullaeque
1120 1135 1177 1178 ex·

101 1204 280 1294 ploratores
301 1201 501 1282 retulerunt,
523 1217 625 1266 castra
646 1201 790 1267 hostium
810 1228 877 1269 non
896 1230 1015 1297 magno
1034 1212 1176 1297 plemma

102 1328 167 1394 que
182 1304 335 1394 praesidio
349 1301 523 1383 custodiri,
540 1319 672 1368 caeteros
684 1303 725 1368 ad
737 1305 896 1392 praedam,
910 1308 1107 1376 frumentive
1119 1332 1176 1380 aut

101 1407 213 1496 pabuli
225 1404 430 1471 convehendi
446 1406 546 1494 gratia
560 1407 678 1493 passim
690 1409 832 1496 evagari3
848 1407 1034 1493 redeuntes,
1050 1413 1108 1476 ubi
1119 1439 1178 1503 per

104 1527 236 1575 noctem
252 1509 402 1598 ignibus,
418 1505 562 1571 interdiu
576 1508 687 1589 Iumo,
702 1507 877 1574 adventum
891 1534 988 1575 suum
1003 1514 1177 1603 significas·

103 1628 193 1693 sent,
213 1611 317 1700 portis
342 1608 529 1698 patentibus
546 1609 739 1691 intromitti3
763 1632 865 1698 eaque
884 1634 997 1678 secure
1018 1632 1051 1680 et
1074 1620 1176 1709 negli-

105 1729 220 1802 genter
231 1713 341 1776 omnia
354 1710 423 1800 agi5
438 1726 626 1799 quantoque
638 1712 710 1799 plus
723 1710 846 1776 ducum
856 1714 950 1802 ipsis,
966 1731 1057 1780 tanto
1068 1720 1177 1787 miuus

105 1815 256 1904 obsequii
284 1836 381 1878 esse:
406 1815 576 1877 occasione
599 1835 697 1895 usus,
724 1836 879 1903 magnum
907 1818 1053 1883 Barbaris
1074 1819 1176 1887 detri-

105 1933 268 1998 mentum,
294 1931 327 1979 et
343 1915 421 2003 quia
445 1937 506 1979 nec
529 1915 739 2002 opinantibus
762 1916 939 1999 acciderat,
958 1921 1114 2001 majorem
1135 1946 1175 1988 er

104 2020 277 2084 securitate
295 2023 419 2081 metum
434 2016 552 2080 attulit.
746 2033 761 2069 ¹

148 2121 237 2184 VIII.
255 2122 541 2184 Frumentatorum
555 2113 665 2207 aliquo
681 2142 818 2183 numero
832 2138 986 2209 excepto,
1002 2147 1106 2212 quum
1123 2149 1176 2191 ro·

106 2223 333 2288 bustissimum
350 2242 514 2308 quemque
527 2221 758 2304 interfecisset,
773 2223 915 2310 reliquos
929 2247 948 2288 a
962 2248 1104 2313 quorum
1120 2229 1179 2292 im·

107 2323 280 2388 becillitate
306 2321 388 2385 nilril
413 2321 596 2402 metuebat,
624 2323 799 2410 resumptis
823 2326 921 2388 armis
951 2328 1018 2390 suis
1042 2350 1177 2419 pergere

106 2449 216 2490 secum
231 2425 335 2505 jussit.
355 2424 468 2507 Quum
484 2425 518 2487 in
534 2424 679 2488 vicinum
699 2425 810 2489 castris
828 2426 938 2490 locum
957 2427 1096 2493 obscura
1110 2430 1178 2509 jam

106 2545 201 2592 nocte
220 2543 358 2592 rentum
376 2542 476 2608 esset,
494 2525 566 2590 «Ne
582 2548 639 2589 vos
661 2526 782 2615 fugiat,
801 2527 926 2614 inquit,
946 2551 1045 2616 quam
1065 2531 1176 2596 salutis

105 2650 288 2693 ·concessce
307 2626 491 2691 mercedem
511 2626 693 2715 postulem,
714 2627 857 2691 excitatis
876 2628 1006 2717 ignibus
1029 2632 1177 2722 signum,

106 2729 220 2818 «quod
242 2731 406 2792 intervos
429 2729 598 2811 convenit,
619 2730 734 2793 vestris
752 2729 826 2794 date
843 2754 850 2794 :
869 2724 926 2794 ubi
947 2731 1111 2799 redditum
1135 2737 1177 2801 ab

106 2834 188 2897 «illis
205 2833 336 2921 signum
359 2831 475 2911 fucrit,
498 2830 539 2894 ad
562 2847 664 2894 castra
686 2830 919 2913 succedamus,
944 2851 1069 2921 apertas
1086 2835 1177 2901 haud

69 2956 75 2970 '
107 2935 228 3001 «dubie
236 2951 345 3024 portas
355 2933 531 3021 reperturi,
547 2933 603 2995 ubi
613 2934 952 3021 vestraeepropinquo
962 2955 1059 2998 voces
1071 2959 1175 3025 agno·
1205 2959 1211 2965 ·

108 3052 273 3101 «scentur.
296 3036 334 3099 In
357 3034 421 3097 hoc
446 3056 515 3097 non
541 3034 642 3123 magis
662 3034 829 3097 victoriam
854 3057 976 3116 meam,
1000 3059 1099 3123 quam
1122 3060 1177 3102 ve·

107 3155 227 3201 «stram
243 3135 499 3200 incolumitatem
513 3135 606 3198 sitam
622 3157 692 3198 esse
706 3135 821 3198 scitote
836 3159 844 3200 :
860 3136 950 3224 quod
964 3137 990 3200 si
1005 3139 1078 3224 quis
1093 3139 1177 3204 forte

107 3243 258 3330 «frigam,
275 3254 331 3302 aut
349 3237 569 3325 proditionem
586 3252 710 3301 tentare
730 3237 889 3318 voluerit,
911 3261 928 3300 a
950 3261 1003 3301 me
1023 3240 1176 3327 provide·

107 3342 236 3424 «bitur,
256 3356 294 3404 ut
304 3340 396 3403 nullo
410 3361 517 3427 neque
532 3355 645 3402 nostro
662 3337 800 3420 damno,
816 3360 922 3427 neque
936 3363 1073 3404 suorum
1090 3365 1178 3406 com·

105 3430 246 3522 ¹«modo,
263 3456 424 3504 extremos
440 3440 499 3504 sibi
517 3440 679 3504 cruciatus
697 3439 897 3504 arcessivisse
913 3441 1106 3531 intelligat».

151 3546 209 3608 IX.
220 3543 356 3624 Omnia,
370 3543 454 3607 sicut
465 3542 551 3606 Sulla
566 3557 748 3631 optaverat,
764 3541 955 3607 obedienter
968 3543 1069 3607 facta:
1083 3567 1178 3609 even·

108 3662 160 3708 tus
184 3645 281 3708 etiam
306 3644 410 3708 alluit.
436 3644 568 3731 Recepti
591 3667 651 3731 pro
675 3644 784 3707 amicis
810 3643 872 3706 late
897 3667 956 3731 per
980 3660 1047 3708 tota
1074 3662 1177 3710 castra

108 3763 265 3810 terrorem
288 3744 475 3832 caedemque
498 3744 681 3810 ediderunt.
704 3746 762 3808 His
785 3745 1023 3827 incommodis,
1046 3763 1077 3811 et
1100 3749 1176 3836 quia

108 3849 251 3928 barbari,
261 3863 382 3911 temere
394 3847 551 3910 vastando
560 3847 663 3929 culta,
676 3848 846 3935 penuriam
857 3848 919 3911 sibi
932 3865 1175 3915 commeatuum
1278 3918 1282 3924 ,

107 3973 146 4014 ex
158 3973 277 4040 magna
295 3950 388 4036 copia
404 3950 564 4029 feccmnt,
582 3949 760 4012 Archelaus
777 3947 817 4012 ad
832 3947 1018 4013 Chalcidem
1033 3968 1176 4016 retroce-

107 4051 182 4116 dere
204 4052 336 4129 statuit,
360 4050 416 4114 ubi
438 4074 456 4112 c
476 4051 643 4114 maritimis
662 4049 927 4115 subvectionibus
951 4051 1177 4123 abundaturus

107 4166 294 4217 commeatu
304 4168 389 4233 crat3
403 4151 482 4215 dum
491 4152 630 4215 Romani
642 4153 726 4215 fante
738 4174 775 4214 ac
786 4151 896 4241 inopia
906 4176 1015 4217 rerum
1027 4155 1176 4219 omnium

108 4257 140 4319 in
152 4256 283 4319 vastatis
297 4255 382 4342 agris
395 4269 622 4318 attererentur.
637 4253 712 4317 Non
729 4252 859 4317 fallebat
871 4254 1010 4334 Sullam,
1026 4253 1107 4341 quid
1122 4257 1180 4320 ho·

107 4359 162 4423 stis
178 4358 368 4436 moliretur,
382 4356 481 4444 igitur
494 4353 714 4420 discedentem
725 4354 861 4442 provide
877 4371 1054 4442 sequutus,
1071 4379 1179 4443 neque

139 4556 211 4621 ΠΙ.
224 4558 358 4605 Memnon.
373 4578 407 4590 --
421 4551 505 4616 §VII
519 4551 642 4602 Plutarch.
