<?xml version="1.0" encoding="UTF-8"?>
<!DOCTYPE html PUBLIC "-//W3C//DTD XHTML 1.0 Transitional//EN"
    "http://www.w3.org/TR/xhtml1/DTD/xhtml1-transitional.dtd">
<html xmlns="http://www.w3.org/1999/xhtml" xml:lang="en" lang="en">
 <head>
  <title>
</title>
<meta http-equiv="Content-Type" content="text/html;charset=utf-8" />
  <meta name='ocr-system' content='tesseract 3.04.00' />
  <meta name='ocr-capabilities' content='ocr_page ocr_carea ocr_par ocr_line ocrx_word'/>
</head>
<body>
  <div class='ocr_page' id='page_1' title='image "./titusliviuspata01freigoog_0188.png"; bbox 0 0 2670 5018; ppageno 0'>
   <div class='ocr_carea' id='block_1_1' title="bbox 92 776 1161 3623">
    <p class='ocr_par' dir='ltr' id='par_1_1' title="bbox 94 776 1161 1901">
     <span class='ocr_line' id='line_1_1' title="bbox 133 776 1161 881; baseline 0.008 -36"><span class='ocrx_word' id='word_1_1' title='bbox 133 778 194 845; x_wconf 84' lang='lat' dir='ltr'>JO.</span> <span class='ocrx_word' id='word_1_2' title='bbox 214 776 378 846; x_wconf 85' lang='lat' dir='ltr'>FREINS</span> <span class='ocrx_word' id='word_1_3' title='bbox 399 777 520 844; x_wconf 87' lang='lat' dir='ltr'><strong>SUPP.</strong></span> <span class='ocrx_word' id='word_1_4' title='bbox 540 777 590 846; x_wconf 88' lang='lat' dir='ltr'>IN</span> <span class='ocrx_word' id='word_1_5' title='bbox 609 778 714 846; x_wconf 89' lang='lat' dir='ltr'>LOC.</span> <span class='ocrx_word' id='word_1_6' title='bbox 735 780 820 845; x_wconf 90' lang='lat' dir='ltr'><strong>LIB.</strong></span> <span class='ocrx_word' id='word_1_7' title='bbox 840 781 1064 852; x_wconf 84' lang='lat' dir='ltr'><strong>LXXXVIII.</strong></span> <span class='ocrx_word' id='word_1_8' title='bbox 1095 807 1161 881; x_wconf 81' lang='lat'>179</span> 
     </span>
     <span class='ocr_line' id='line_1_2' title="bbox 94 889 1160 988; baseline 0 -27"><span class='ocrx_word' id='word_1_9' title='bbox 94 922 153 988; x_wconf 84' lang='lat' dir='ltr'>ego</span> <span class='ocrx_word' id='word_1_10' title='bbox 172 900 340 963; x_wconf 83' lang='lat' dir='ltr'>Livianam</span> <span class='ocrx_word' id='word_1_11' title='bbox 358 898 524 961; x_wconf 81' lang='lat' dir='ltr'>historiam</span> <span class='ocrx_word' id='word_1_12' title='bbox 542 898 684 987; x_wconf 85' lang='lat' dir='ltr'>vestigiis</span> <span class='ocrx_word' id='word_1_13' title='bbox 708 889 944 986; x_wconf 56' lang='lat' dir='ltr'>persequutus,</span> <span class='ocrx_word' id='word_1_14' title='bbox 967 905 1082 971; x_wconf 85' lang='lat' dir='ltr'>seriem</span> <span class='ocrx_word' id='word_1_15' title='bbox 1108 931 1160 974; x_wconf 73' lang='lat' dir='ltr'>re.</span> 
     </span>
     <span class='ocr_line' id='line_1_3' title="bbox 94 1000 1159 1093; baseline 0.01 -28"><span class='ocrx_word' id='word_1_16' title='bbox 94 1024 186 1081; x_wconf 88' lang='lat' dir='ltr'>rum,</span> <span class='ocrx_word' id='word_1_17' title='bbox 209 1000 350 1090; x_wconf 89' lang='lat' dir='ltr'>Appiani</span> <span class='ocrx_word' id='word_1_18' title='bbox 375 1022 507 1087; x_wconf 89' lang='lat' dir='ltr'>quoque</span> <span class='ocrx_word' id='word_1_19' title='bbox 530 1000 716 1063; x_wconf 87' lang='lat' dir='ltr'>testimonio</span> <span class='ocrx_word' id='word_1_20' title='bbox 740 1000 861 1082; x_wconf 80' lang='lat' dir='ltr'>fultus,</span> <span class='ocrx_word' id='word_1_21' title='bbox 883 1003 975 1067; x_wconf 91' lang='lat' dir='ltr'>aliter</span> <span class='ocrx_word' id='word_1_22' title='bbox 997 1012 1159 1093; x_wconf 79' lang='lat' dir='ltr'>contexui.</span> 
     </span>
     <span class='ocr_line' id='line_1_4' title="bbox 96 1101 1160 1192; baseline 0.013 -28"><span class='ocrx_word' id='word_1_23' title='bbox 96 1103 212 1192; x_wconf 87' lang='lat' dir='ltr'>Igitur,</span> <span class='ocrx_word' id='word_1_24' title='bbox 229 1102 350 1188; x_wconf 86' lang='lat' dir='ltr'>quibus</span> <span class='ocrx_word' id='word_1_25' title='bbox 364 1102 563 1189; x_wconf 84' lang='lat' dir='ltr'>temporibus</span> <span class='ocrx_word' id='word_1_26' title='bbox 577 1101 726 1189; x_wconf 90' lang='lat' dir='ltr'>repulsus</span> <span class='ocrx_word' id='word_1_27' title='bbox 742 1102 825 1165; x_wconf 90' lang='lat' dir='ltr'>intra</span> <span class='ocrx_word' id='word_1_28' title='bbox 837 1106 1027 1190; x_wconf 80' lang='lat' dir='ltr'>praenestina</span> <span class='ocrx_word' id='word_1_29' title='bbox 1044 1115 1160 1178; x_wconf 86' lang='lat' dir='ltr'>moenia</span> 
     </span>
     <span class='ocr_line' id='line_1_5' title="bbox 97 1202 1160 1301; baseline 0.007 -34"><span class='ocrx_word' id='word_1_30' title='bbox 97 1204 217 1268; x_wconf 87' lang='lat' dir='ltr'>Marius</span> <span class='ocrx_word' id='word_1_31' title='bbox 232 1204 313 1283; x_wconf 88' lang='lat' dir='ltr'>fuit,</span> <span class='ocrx_word' id='word_1_32' title='bbox 333 1202 446 1266; x_wconf 89' lang='lat' dir='ltr'>iisdem</span> <span class='ocrx_word' id='word_1_33' title='bbox 467 1203 509 1266; x_wconf 88' lang='lat' dir='ltr'>ad</span> <span class='ocrx_word' id='word_1_34' title='bbox 523 1203 707 1266; x_wconf 86' lang='lat' dir='ltr'>Faventiam</span> <span class='ocrx_word' id='word_1_35' title='bbox 724 1202 830 1266; x_wconf 85' lang='lat' dir='ltr'>Carbo</span> <span class='ocrx_word' id='word_1_36' title='bbox 847 1204 1086 1296; x_wconf 91' lang='lat' dir='ltr'>Norbanusque</span> <span class='ocrx_word' id='word_1_37' title='bbox 1102 1237 1160 1301; x_wconf 82' lang='lat' dir='ltr'>per</span> 
     </span>
     <span class='ocr_line' id='line_1_6' title="bbox 94 1304 1160 1385; baseline 0.007 -15"><span class='ocrx_word' id='word_1_38' title='bbox 94 1307 272 1371; x_wconf 80' lang='lat' dir='ltr'>absentiam</span> <span class='ocrx_word' id='word_1_39' title='bbox 296 1305 391 1369; x_wconf 84' lang='lat' dir='ltr'>Sullae</span> <span class='ocrx_word' id='word_1_40' title='bbox 414 1304 545 1368; x_wconf 88' lang='lat' dir='ltr'>Metello</span> <span class='ocrx_word' id='word_1_41' title='bbox 566 1305 790 1385; x_wconf 89' lang='lat' dir='ltr'>imminentes,</span> <span class='ocrx_word' id='word_1_42' title='bbox 816 1304 998 1383; x_wconf 88' lang='lat' dir='ltr'>conjunctis</span> <span class='ocrx_word' id='word_1_43' title='bbox 1016 1314 1160 1377; x_wconf 85' lang='lat' dir='ltr'>exerciti·</span> 
     </span>
     <span class='ocr_line' id='line_1_7' title="bbox 95 1393 1158 1497; baseline 0.006 -25"><span class='ocrx_word' id='word_1_44' title='bbox 95 1409 153 1472; x_wconf 85' lang='lat' dir='ltr'>bus</span> <span class='ocrx_word' id='word_1_45' title='bbox 174 1431 278 1497; x_wconf 86' lang='lat' dir='ltr'>prope</span> <span class='ocrx_word' id='word_1_46' title='bbox 296 1424 398 1470; x_wconf 89' lang='lat' dir='ltr'>castra</span> <span class='ocrx_word' id='word_1_47' title='bbox 419 1406 487 1485; x_wconf 86' lang='lat' dir='ltr'>ejus</span> <span class='ocrx_word' id='word_1_48' title='bbox 509 1405 563 1468; x_wconf 86' lang='lat' dir='ltr'>vix</span> <span class='ocrx_word' id='word_1_49' title='bbox 581 1427 647 1467; x_wconf 90' lang='lat' dir='ltr'>una</span> <span class='ocrx_word' id='word_1_50' title='bbox 666 1405 747 1467; x_wconf 92' lang='lat' dir='ltr'>hora</span> <span class='ocrx_word' id='word_1_51' title='bbox 769 1393 833 1467; x_wconf 90' lang='lat' dir='ltr'>diei</span> <span class='ocrx_word' id='word_1_52' title='bbox 851 1404 974 1493; x_wconf 86' lang='lat' dir='ltr'>reliqua</span> <span class='ocrx_word' id='word_1_53' title='bbox 989 1428 1158 1478; x_wconf 86' lang='lat' dir='ltr'>venerunt.</span> 
     </span>
     <span class='ocr_line' id='line_1_8' title="bbox 95 1508 1160 1598; baseline 0.003 -24"><span class='ocrx_word' id='word_1_54' title='bbox 95 1510 134 1574; x_wconf 88' lang='lat' dir='ltr'>Et</span> <span class='ocrx_word' id='word_1_55' title='bbox 159 1532 348 1598; x_wconf 87' lang='lat' dir='ltr'>quanquam</span> <span class='ocrx_word' id='word_1_56' title='bbox 373 1508 480 1571; x_wconf 86' lang='lat' dir='ltr'>statim</span> <span class='ocrx_word' id='word_1_57' title='bbox 505 1508 646 1569; x_wconf 82' lang='lat' dir='ltr'>allutura</span> <span class='ocrx_word' id='word_1_58' title='bbox 670 1528 736 1568; x_wconf 90' lang='lat' dir='ltr'>nox</span> <span class='ocrx_word' id='word_1_59' title='bbox 762 1521 849 1586; x_wconf 90' lang='lat' dir='ltr'>erat,</span> <span class='ocrx_word' id='word_1_60' title='bbox 875 1523 1027 1594; x_wconf 85' lang='lat' dir='ltr'>praeterea</span> <span class='ocrx_word' id='word_1_61' title='bbox 1050 1511 1160 1577; x_wconf 91' lang='lat' dir='ltr'>locum</span> 
     </span>
     <span class='ocr_line' id='line_1_9' title="bbox 95 1607 1160 1702; baseline 0.005 -27"><span class='ocrx_word' id='word_1_62' title='bbox 95 1611 261 1702; x_wconf 88' lang='lat' dir='ltr'>pugnandi</span> <span class='ocrx_word' id='word_1_63' title='bbox 284 1610 383 1674; x_wconf 91' lang='lat' dir='ltr'>densa</span> <span class='ocrx_word' id='word_1_64' title='bbox 403 1609 525 1673; x_wconf 89' lang='lat' dir='ltr'>circum</span> <span class='ocrx_word' id='word_1_65' title='bbox 542 1609 650 1671; x_wconf 81' lang='lat' dir='ltr'>vineta</span> <span class='ocrx_word' id='word_1_66' title='bbox 665 1607 847 1689; x_wconf 83' lang='lat' dir='ltr'>arctabant,</span> <span class='ocrx_word' id='word_1_67' title='bbox 865 1609 911 1672; x_wconf 92' lang='lat' dir='ltr'>ira</span> <span class='ocrx_word' id='word_1_68' title='bbox 927 1612 1047 1699; x_wconf 86' lang='lat' dir='ltr'>magis,</span> <span class='ocrx_word' id='word_1_69' title='bbox 1062 1637 1160 1700; x_wconf 92' lang='lat' dir='ltr'>quam</span> 
     </span>
     <span class='ocr_line' id='line_1_10' title="bbox 95 1711 1160 1799; baseline 0.003 -21"><span class='ocrx_word' id='word_1_70' title='bbox 95 1715 252 1795; x_wconf 90' lang='lat' dir='ltr'>consilio,</span> <span class='ocrx_word' id='word_1_71' title='bbox 280 1714 438 1799; x_wconf 89' lang='lat' dir='ltr'>impetum</span> <span class='ocrx_word' id='word_1_72' title='bbox 466 1711 635 1792; x_wconf 84' lang='lat' dir='ltr'>lecerunt,</span> <span class='ocrx_word' id='word_1_73' title='bbox 659 1726 814 1797; x_wconf 89' lang='lat' dir='ltr'>tanquam</span> <span class='ocrx_word' id='word_1_74' title='bbox 839 1711 1005 1798; x_wconf 90' lang='lat' dir='ltr'>inopinata</span> <span class='ocrx_word' id='word_1_75' title='bbox 1028 1715 1160 1781; x_wconf 88' lang='lat' dir='ltr'>audacia</span> 
     </span>
     <span class='ocr_line' id='line_1_11' title="bbox 96 1812 511 1901; baseline -0.01 -23"><span class='ocrx_word' id='word_1_76' title='bbox 96 1815 165 1901; x_wconf 89' lang='lat' dir='ltr'>plus</span> <span class='ocrx_word' id='word_1_77' title='bbox 180 1812 366 1877; x_wconf 83' lang='lat' dir='ltr'>formidinis</span> <span class='ocrx_word' id='word_1_78' title='bbox 382 1813 511 1876; x_wconf 84' lang='lat' dir='ltr'>illaturi.</span> 
     </span>
    </p>

    <p class='ocr_par' dir='ltr' id='par_1_2' title="bbox 93 1912 1161 3314">
     <span class='ocr_line' id='line_1_12' title="bbox 137 1912 1159 2007; baseline 0.002 -28"><span class='ocrx_word' id='word_1_79' title='bbox 137 1917 179 1980; x_wconf 88' lang='grc' dir='ltr'>ΙΙ.</span> <span class='ocrx_word' id='word_1_80' title='bbox 204 1913 268 1979; x_wconf 88' lang='lat' dir='ltr'>Sed</span> <span class='ocrx_word' id='word_1_81' title='bbox 284 1914 397 2000; x_wconf 91' lang='lat' dir='ltr'>iniquo</span> <span class='ocrx_word' id='word_1_82' title='bbox 414 1913 505 1994; x_wconf 90' lang='lat' dir='ltr'>loco,</span> <span class='ocrx_word' id='word_1_83' title='bbox 519 1934 621 1999; x_wconf 92' lang='lat' dir='ltr'>quum</span> <span class='ocrx_word' id='word_1_84' title='bbox 645 1912 791 2000; x_wconf 91' lang='lat' dir='ltr'>impediti</span> <span class='ocrx_word' id='word_1_85' title='bbox 808 1913 929 1978; x_wconf 82' lang='lat' dir='ltr'>vitibus</span> <span class='ocrx_word' id='word_1_86' title='bbox 946 1917 1062 1980; x_wconf 85' lang='lat' dir='ltr'>milites</span> <span class='ocrx_word' id='word_1_87' title='bbox 1081 1941 1159 2007; x_wconf 91' lang='lat' dir='ltr'>pro-</span> 
     </span>
     <span class='ocr_line' id='line_1_13' title="bbox 95 2013 1159 2102; baseline 0.004 -22"><span class='ocrx_word' id='word_1_88' title='bbox 95 2016 257 2096; x_wconf 88' lang='lat' dir='ltr'>ciderent,</span> <span class='ocrx_word' id='word_1_89' title='bbox 276 2035 382 2101; x_wconf 87' lang='lat' dir='ltr'>neque</span> <span class='ocrx_word' id='word_1_90' title='bbox 397 2014 493 2077; x_wconf 90' lang='lat' dir='ltr'>armis</span> <span class='ocrx_word' id='word_1_91' title='bbox 509 2013 558 2077; x_wconf 91' lang='lat' dir='ltr'>uti</span> <span class='ocrx_word' id='word_1_92' title='bbox 576 2029 726 2101; x_wconf 86' lang='lat' dir='ltr'>possent,</span> <span class='ocrx_word' id='word_1_93' title='bbox 745 2025 861 2101; x_wconf 87' lang='lat' dir='ltr'>magna</span> <span class='ocrx_word' id='word_1_94' title='bbox 874 2015 960 2079; x_wconf 82' lang='lat' dir='ltr'>caede</span> <span class='ocrx_word' id='word_1_95' title='bbox 976 2018 1051 2081; x_wconf 84' lang='lat' dir='ltr'>victi</span> <span class='ocrx_word' id='word_1_96' title='bbox 1065 2037 1159 2102; x_wconf 81' lang='lat' dir='ltr'>sunt3</span> 
     </span>
     <span class='ocr_line' id='line_1_14' title="bbox 95 2114 1161 2204; baseline 0.002 -22"><span class='ocrx_word' id='word_1_97' title='bbox 95 2119 318 2204; x_wconf 84' lang='lat' dir='ltr'>exercitusque</span> <span class='ocrx_word' id='word_1_98' title='bbox 342 2118 448 2178; x_wconf 91' lang='lat' dir='ltr'>omnis</span> <span class='ocrx_word' id='word_1_99' title='bbox 474 2116 518 2177; x_wconf 89' lang='lat' dir='ltr'>ita</span> <span class='ocrx_word' id='word_1_100' title='bbox 546 2114 738 2203; x_wconf 88' lang='lat' dir='ltr'>dissipatus,</span> <span class='ocrx_word' id='word_1_101' title='bbox 761 2129 800 2178; x_wconf 89' lang='lat' dir='ltr'>ut</span> <span class='ocrx_word' id='word_1_102' title='bbox 823 2131 928 2180; x_wconf 86' lang='lat' dir='ltr'>morte</span> <span class='ocrx_word' id='word_1_103' title='bbox 952 2116 1063 2181; x_wconf 89' lang='lat' dir='ltr'>decem</span> <span class='ocrx_word' id='word_1_104' title='bbox 1089 2121 1161 2184; x_wconf 89' lang='lat' dir='ltr'>mil·</span> 
     </span>
     <span class='ocr_line' id='line_1_15' title="bbox 96 2216 1159 2306; baseline 0.002 -24"><span class='ocrx_word' id='word_1_105' title='bbox 96 2220 192 2299; x_wconf 89' lang='lat' dir='ltr'>lium,</span> <span class='ocrx_word' id='word_1_106' title='bbox 210 2240 266 2282; x_wconf 83' lang='lat' dir='ltr'>sex</span> <span class='ocrx_word' id='word_1_107' title='bbox 288 2217 425 2280; x_wconf 90' lang='lat' dir='ltr'>millium</span> <span class='ocrx_word' id='word_1_108' title='bbox 447 2216 646 2305; x_wconf 82' lang='lat' dir='ltr'>transfugio,</span> <span class='ocrx_word' id='word_1_109' title='bbox 665 2232 873 2296; x_wconf 84' lang='lat' dir='ltr'>caeterorum,</span> <span class='ocrx_word' id='word_1_110' title='bbox 891 2240 957 2304; x_wconf 91' lang='lat' dir='ltr'>quo</span> <span class='ocrx_word' id='word_1_111' title='bbox 973 2219 1092 2306; x_wconf 87' lang='lat' dir='ltr'>cuique</span> <span class='ocrx_word' id='word_1_112' title='bbox 1109 2223 1159 2284; x_wconf 84' lang='lat' dir='ltr'>vi·</span> 
     </span>
     <span class='ocr_line' id='line_1_16' title="bbox 96 2316 1159 2397; baseline 0 -13"><span class='ocrx_word' id='word_1_113' title='bbox 96 2342 165 2384; x_wconf 87' lang='lat' dir='ltr'>sum</span> <span class='ocrx_word' id='word_1_114' title='bbox 184 2320 309 2397; x_wconf 77' lang='lat' dir='ltr'>fuerat,</span> <span class='ocrx_word' id='word_1_115' title='bbox 333 2316 522 2381; x_wconf 89' lang='lat' dir='ltr'>abeuntium</span> <span class='ocrx_word' id='word_1_116' title='bbox 542 2316 743 2397; x_wconf 84' lang='lat' dir='ltr'>desertione,</span> <span class='ocrx_word' id='word_1_117' title='bbox 760 2340 827 2380; x_wconf 92' lang='lat' dir='ltr'>non</span> <span class='ocrx_word' id='word_1_118' title='bbox 845 2319 928 2382; x_wconf 90' lang='lat' dir='ltr'>ultra</span> <span class='ocrx_word' id='word_1_119' title='bbox 949 2320 1036 2383; x_wconf 89' lang='lat' dir='ltr'>mille</span> <span class='ocrx_word' id='word_1_120' title='bbox 1052 2322 1159 2384; x_wconf 92' lang='lat' dir='ltr'>homi·</span> 
     </span>
     <span class='ocr_line' id='line_1_17' title="bbox 96 2418 1159 2510; baseline 0.003 -26"><span class='ocrx_word' id='word_1_121' title='bbox 96 2444 172 2485; x_wconf 91' lang='lat' dir='ltr'>num</span> <span class='ocrx_word' id='word_1_122' title='bbox 186 2420 318 2484; x_wconf 85' lang='lat' dir='ltr'>servatis</span> <span class='ocrx_word' id='word_1_123' title='bbox 330 2418 500 2482; x_wconf 86' lang='lat' dir='ltr'>ordinibus</span> <span class='ocrx_word' id='word_1_124' title='bbox 514 2419 678 2483; x_wconf 89' lang='lat' dir='ltr'>Arretium</span> <span class='ocrx_word' id='word_1_125' title='bbox 695 2419 737 2482; x_wconf 91' lang='lat' dir='ltr'>sit</span> <span class='ocrx_word' id='word_1_126' title='bbox 747 2419 930 2484; x_wconf 90' lang='lat' dir='ltr'>reductum.</span> <span class='ocrx_word' id='word_1_127' title='bbox 944 2422 1013 2485; x_wconf 81' lang='lat' dir='ltr'>Alia</span> <span class='ocrx_word' id='word_1_128' title='bbox 1027 2446 1159 2510; x_wconf 91' lang='lat' dir='ltr'>quoque</span> 
     </span>
     <span class='ocr_line' id='line_1_18' title="bbox 94 2520 1159 2610; baseline 0.006 -26"><span class='ocrx_word' id='word_1_129' title='bbox 94 2521 177 2610; x_wconf 87' lang='lat' dir='ltr'>legio</span> <span class='ocrx_word' id='word_1_130' title='bbox 196 2524 423 2600; x_wconf 85' lang='lat' dir='ltr'>Lucanorum,</span> <span class='ocrx_word' id='word_1_131' title='bbox 447 2543 545 2608; x_wconf 90' lang='lat' dir='ltr'>quam</span> <span class='ocrx_word' id='word_1_132' title='bbox 567 2520 602 2584; x_wconf 91' lang='lat' dir='ltr'>P.</span> <span class='ocrx_word' id='word_1_133' title='bbox 626 2520 866 2601; x_wconf 79' lang='lat' dir='ltr'>Albinovanus,</span> <span class='ocrx_word' id='word_1_134' title='bbox 886 2523 941 2609; x_wconf 91' lang='lat' dir='ltr'>qui</span> <span class='ocrx_word' id='word_1_135' title='bbox 962 2546 1036 2587; x_wconf 91' lang='lat' dir='ltr'>cum</span> <span class='ocrx_word' id='word_1_136' title='bbox 1055 2525 1159 2591; x_wconf 88' lang='lat' dir='ltr'>Mario</span> 
     </span>
     <span class='ocr_line' id='line_1_19' title="bbox 96 2620 1160 2713; baseline 0.004 -26"><span class='ocrx_word' id='word_1_137' title='bbox 96 2646 170 2687; x_wconf 86' lang='lat' dir='ltr'>sene</span> <span class='ocrx_word' id='word_1_138' title='bbox 191 2623 295 2686; x_wconf 89' lang='lat' dir='ltr'>hostis</span> <span class='ocrx_word' id='word_1_139' title='bbox 317 2620 482 2701; x_wconf 86' lang='lat' dir='ltr'>judicatus</span> <span class='ocrx_word' id='word_1_140' title='bbox 506 2624 631 2703; x_wconf 82' lang='lat' dir='ltr'>fuerat,</span> <span class='ocrx_word' id='word_1_141' title='bbox 654 2621 812 2703; x_wconf 83' lang='lat' dir='ltr'>ducebat,</span> <span class='ocrx_word' id='word_1_142' title='bbox 834 2623 952 2686; x_wconf 91' lang='lat' dir='ltr'>frustra</span> <span class='ocrx_word' id='word_1_143' title='bbox 973 2624 1160 2713; x_wconf 82' lang='lat' dir='ltr'>indignante</span> 
     </span>
     <span class='ocr_line' id='line_1_20' title="bbox 94 2723 1159 2813; baseline 0.002 -24"><span class='ocrx_word' id='word_1_144' title='bbox 94 2725 317 2805; x_wconf 83' lang='lat' dir='ltr'>Albinovano,</span> <span class='ocrx_word' id='word_1_145' title='bbox 335 2724 425 2811; x_wconf 92' lang='lat' dir='ltr'>signa</span> <span class='ocrx_word' id='word_1_146' title='bbox 442 2723 483 2787; x_wconf 90' lang='lat' dir='ltr'>ad</span> <span class='ocrx_word' id='word_1_147' title='bbox 500 2723 667 2787; x_wconf 84' lang='lat' dir='ltr'>Metellum</span> <span class='ocrx_word' id='word_1_148' title='bbox 681 2724 862 2788; x_wconf 89' lang='lat' dir='ltr'>transtulit:</span> <span class='ocrx_word' id='word_1_149' title='bbox 879 2725 933 2788; x_wconf 90' lang='lat' dir='ltr'>ille</span> <span class='ocrx_word' id='word_1_150' title='bbox 945 2747 1069 2813; x_wconf 89' lang='lat' dir='ltr'>quum,</span> <span class='ocrx_word' id='word_1_151' title='bbox 1087 2750 1159 2791; x_wconf 87' lang='lat' dir='ltr'>om·</span> 
     </span>
     <span class='ocr_line' id='line_1_21' title="bbox 94 2823 1157 2912; baseline 0.004 -23"><span class='ocrx_word' id='word_1_152' title='bbox 94 2826 189 2889; x_wconf 87' lang='lat' dir='ltr'>nibus</span> <span class='ocrx_word' id='word_1_153' title='bbox 210 2825 359 2905; x_wconf 89' lang='lat' dir='ltr'>tentatis,</span> <span class='ocrx_word' id='word_1_154' title='bbox 380 2825 519 2888; x_wconf 87' lang='lat' dir='ltr'>retinere</span> <span class='ocrx_word' id='word_1_155' title='bbox 540 2823 726 2888; x_wconf 87' lang='lat' dir='ltr'>deficientes</span> <span class='ocrx_word' id='word_1_156' title='bbox 743 2826 955 2912; x_wconf 85' lang='lat' dir='ltr'>nequivisset,</span> <span class='ocrx_word' id='word_1_157' title='bbox 972 2826 1011 2891; x_wconf 92' lang='lat' dir='ltr'>ad</span> <span class='ocrx_word' id='word_1_158' title='bbox 1029 2829 1157 2893; x_wconf 92' lang='lat' dir='ltr'>Norba·</span> 
     </span>
     <span class='ocr_line' id='line_1_22' title="bbox 94 2925 1157 3014; baseline 0.002 -23"><span class='ocrx_word' id='word_1_159' title='bbox 94 2950 172 2991; x_wconf 91' lang='lat' dir='ltr'>num</span> <span class='ocrx_word' id='word_1_160' title='bbox 190 2949 225 2990; x_wconf 89' lang='lat' dir='ltr'>se</span> <span class='ocrx_word' id='word_1_161' title='bbox 241 2927 371 3014; x_wconf 88' lang='lat' dir='ltr'>recepit.</span> <span class='ocrx_word' id='word_1_162' title='bbox 389 2925 515 2989; x_wconf 87' lang='lat' dir='ltr'>Deinde</span> <span class='ocrx_word' id='word_1_163' title='bbox 532 2926 595 2988; x_wconf 88' lang='lat' dir='ltr'>fata</span> <span class='ocrx_word' id='word_1_164' title='bbox 610 2926 771 3012; x_wconf 90' lang='lat' dir='ltr'>partium,</span> <span class='ocrx_word' id='word_1_165' title='bbox 792 2941 825 2989; x_wconf 86' lang='lat' dir='ltr'>et</span> <span class='ocrx_word' id='word_1_166' title='bbox 847 2949 944 3013; x_wconf 92' lang='lat' dir='ltr'>quam</span> <span class='ocrx_word' id='word_1_167' title='bbox 960 2929 1078 2992; x_wconf 85' lang='lat' dir='ltr'>frustra</span> <span class='ocrx_word' id='word_1_168' title='bbox 1096 2930 1157 2993; x_wconf 93' lang='lat' dir='ltr'>ob·</span> 
     </span>
     <span class='ocr_line' id='line_1_23' title="bbox 94 3028 1157 3119; baseline 0.003 -27"><span class='ocrx_word' id='word_1_169' title='bbox 94 3029 272 3110; x_wconf 88' lang='lat' dir='ltr'>niteretur,</span> <span class='ocrx_word' id='word_1_170' title='bbox 299 3043 474 3113; x_wconf 85' lang='lat' dir='ltr'>reputans,</span> <span class='ocrx_word' id='word_1_171' title='bbox 498 3028 608 3090; x_wconf 92' lang='lat' dir='ltr'>animo</span> <span class='ocrx_word' id='word_1_172' title='bbox 633 3041 859 3107; x_wconf 88' lang='lat' dir='ltr'>commutato,</span> <span class='ocrx_word' id='word_1_173' title='bbox 888 3051 995 3115; x_wconf 90' lang='lat' dir='ltr'>neque</span> <span class='ocrx_word' id='word_1_174' title='bbox 1019 3030 1157 3119; x_wconf 88' lang='lat' dir='ltr'>simplici</span> 
     </span>
     <span class='ocr_line' id='line_1_24' title="bbox 93 3127 1158 3219; baseline 0.002 -25"><span class='ocrx_word' id='word_1_175' title='bbox 93 3131 211 3194; x_wconf 83' lang='lat' dir='ltr'>scelere</span> <span class='ocrx_word' id='word_1_176' title='bbox 223 3128 417 3219; x_wconf 90' lang='lat' dir='ltr'>proditionis</span> <span class='ocrx_word' id='word_1_177' title='bbox 431 3143 623 3207; x_wconf 89' lang='lat' dir='ltr'>contentus,</span> <span class='ocrx_word' id='word_1_178' title='bbox 640 3127 852 3209; x_wconf 90' lang='lat' dir='ltr'>Norbanum,</span> <span class='ocrx_word' id='word_1_179' title='bbox 872 3145 904 3193; x_wconf 88' lang='lat' dir='ltr'>et</span> <span class='ocrx_word' id='word_1_180' title='bbox 916 3133 972 3216; x_wconf 91' lang='lat' dir='ltr'>qui</span> <span class='ocrx_word' id='word_1_181' title='bbox 986 3153 1050 3193; x_wconf 92' lang='lat' dir='ltr'>una</span> <span class='ocrx_word' id='word_1_182' title='bbox 1065 3127 1158 3196; x_wconf 79' lang='lat' dir='ltr'>erant</span> 
     </span>
     <span class='ocr_line' id='line_1_25' title="bbox 93 3231 383 3314; baseline -0.014 -17"><span class='ocrx_word' id='word_1_183' title='bbox 93 3232 209 3314; x_wconf 87' lang='lat' dir='ltr'>duces,</span> <span class='ocrx_word' id='word_1_184' title='bbox 226 3231 383 3295; x_wconf 84' lang='lat' dir='ltr'>invitavit.</span> 
     </span>
    </p>

    <p class='ocr_par' dir='ltr' id='par_1_3' title="bbox 92 3331 1156 3623">
     <span class='ocr_line' id='line_1_26' title="bbox 135 3331 1156 3418; baseline 0.002 -21"><span class='ocrx_word' id='word_1_185' title='bbox 135 3334 195 3397; x_wconf 88' lang='lat'><em>111.</em></span> <span class='ocrx_word' id='word_1_186' title='bbox 215 3332 391 3397; x_wconf 87' lang='lat' dir='ltr'>Norbanus</span> <span class='ocrx_word' id='word_1_187' title='bbox 415 3331 483 3418; x_wconf 88' lang='lat' dir='ltr'>ipse</span> <span class='ocrx_word' id='word_1_188' title='bbox 499 3354 567 3393; x_wconf 92' lang='lat' dir='ltr'>non</span> <span class='ocrx_word' id='word_1_189' title='bbox 584 3331 734 3410; x_wconf 86' lang='lat' dir='ltr'>accessit3</span> <span class='ocrx_word' id='word_1_190' title='bbox 755 3331 881 3395; x_wconf 83' lang='lat' dir='ltr'>Flavius</span> <span class='ocrx_word' id='word_1_191' title='bbox 903 3331 1045 3394; x_wconf 89' lang='lat' dir='ltr'>Fimbria</span> <span class='ocrx_word' id='word_1_192' title='bbox 1063 3351 1156 3398; x_wconf 86' lang='lat' dir='ltr'>caete·</span> 
     </span>
     <span class='ocr_line' id='line_1_27' title="bbox 92 3432 1155 3522; baseline 0.004 -25"><span class='ocrx_word' id='word_1_193' title='bbox 92 3436 186 3522; x_wconf 84' lang='lat' dir='ltr'>rique</span> <span class='ocrx_word' id='word_1_194' title='bbox 208 3456 311 3522; x_wconf 86' lang='lat' dir='ltr'>quum</span> <span class='ocrx_word' id='word_1_195' title='bbox 331 3433 513 3514; x_wconf 86' lang='lat' dir='ltr'>venissent,</span> <span class='ocrx_word' id='word_1_196' title='bbox 531 3456 643 3496; x_wconf 92' lang='lat' dir='ltr'>omnes</span> <span class='ocrx_word' id='word_1_197' title='bbox 664 3434 750 3496; x_wconf 90' lang='lat' dir='ltr'>inter</span> <span class='ocrx_word' id='word_1_198' title='bbox 769 3433 852 3519; x_wconf 85' lang='lat' dir='ltr'>ipsas</span> <span class='ocrx_word' id='word_1_199' title='bbox 875 3432 984 3519; x_wconf 87' lang='lat' dir='ltr'>epulas</span> <span class='ocrx_word' id='word_1_200' title='bbox 1004 3434 1155 3501; x_wconf 86' lang='lat' dir='ltr'>trucidati</span> 
     </span>
     <span class='ocr_line' id='line_1_28' title="bbox 92 3533 1156 3623; baseline 0.002 -24"><span class='ocrx_word' id='word_1_201' title='bbox 92 3552 179 3601; x_wconf 88' lang='lat' dir='ltr'>sunt.</span> <span class='ocrx_word' id='word_1_202' title='bbox 189 3535 412 3601; x_wconf 82' lang='lat' dir='ltr'>Albinovanus</span> <span class='ocrx_word' id='word_1_203' title='bbox 424 3534 465 3598; x_wconf 93' lang='lat' dir='ltr'>ad</span> <span class='ocrx_word' id='word_1_204' title='bbox 479 3535 599 3598; x_wconf 90' lang='lat' dir='ltr'>Sullam</span> <span class='ocrx_word' id='word_1_205' title='bbox 613 3534 768 3623; x_wconf 80' lang='lat' dir='ltr'>profugit.</span> <span class='ocrx_word' id='word_1_206' title='bbox 782 3536 905 3598; x_wconf 87' lang='lat' dir='ltr'>Harum</span> <span class='ocrx_word' id='word_1_207' title='bbox 918 3533 1056 3598; x_wconf 88' lang='lat' dir='ltr'>cladium</span> <span class='ocrx_word' id='word_1_208' title='bbox 1070 3536 1156 3601; x_wconf 88' lang='lat' dir='ltr'>fama</span> 
     </span>
    </p>
   </div>
   <div class='ocr_carea' id='block_1_2' title="bbox 92 3634 1156 4332">
    <p class='ocr_par' dir='ltr' id='par_1_4' title="bbox 92 3634 1156 4332">
     <span class='ocr_line' id='line_1_29' title="bbox 92 3634 1155 3724; baseline 0.002 -23"><span class='ocrx_word' id='word_1_209' title='bbox 92 3660 195 3724; x_wconf 81' lang='lat' dir='ltr'>quum</span> <span class='ocrx_word' id='word_1_210' title='bbox 215 3637 417 3715; x_wconf 83' lang='lat' dir='ltr'>Ariminum,</span> <span class='ocrx_word' id='word_1_211' title='bbox 438 3634 632 3699; x_wconf 81' lang='lat' dir='ltr'>Albinovani</span> <span class='ocrx_word' id='word_1_212' title='bbox 651 3634 836 3723; x_wconf 87' lang='lat' dir='ltr'>proditione</span> <span class='ocrx_word' id='word_1_213' title='bbox 859 3656 1049 3721; x_wconf 88' lang='lat' dir='ltr'>oppressum</span> <span class='ocrx_word' id='word_1_214' title='bbox 1070 3635 1155 3703; x_wconf 87' lang='lat' dir='ltr'>‹lire-</span> 
     </span>
     <span class='ocr_line' id='line_1_30' title="bbox 92 3734 1156 3824; baseline 0.004 -24"><span class='ocrx_word' id='word_1_215' title='bbox 92 3734 387 3824; x_wconf 90' lang='lat' dir='ltr'>ptumque,deinde</span> <span class='ocrx_word' id='word_1_216' title='bbox 400 3735 460 3798; x_wconf 89' lang='lat' dir='ltr'>alia</span> <span class='ocrx_word' id='word_1_217' title='bbox 470 3734 570 3800; x_wconf 90' lang='lat' dir='ltr'>multa</span> <span class='ocrx_word' id='word_1_218' title='bbox 582 3735 621 3798; x_wconf 91' lang='lat' dir='ltr'>iis</span> <span class='ocrx_word' id='word_1_219' title='bbox 632 3734 866 3823; x_wconf 21' lang='lat' dir='ltr'>locis-prasidio</span> <span class='ocrx_word' id='word_1_220' title='bbox 876 3734 1058 3818; x_wconf 88' lang='lat' dir='ltr'>alienasset,</span> <span class='ocrx_word' id='word_1_221' title='bbox 1074 3740 1156 3804; x_wconf 74' lang='lat' dir='ltr'>Non</span> 
     </span>
     <span class='ocr_line' id='line_1_31' title="bbox 92 3834 1154 3916; baseline 0.001 -14"><span class='ocrx_word' id='word_1_222' title='bbox 92 3837 196 3902; x_wconf 89' lang='lat' dir='ltr'>banus</span> <span class='ocrx_word' id='word_1_223' title='bbox 217 3837 338 3901; x_wconf 89' lang='lat' dir='ltr'>nemini</span> <span class='ocrx_word' id='word_1_224' title='bbox 355 3859 507 3915; x_wconf 90' lang='lat' dir='ltr'>suorum,</span> <span class='ocrx_word' id='word_1_225' title='bbox 524 3836 622 3900; x_wconf 88' lang='lat' dir='ltr'>rebus</span> <span class='ocrx_word' id='word_1_226' title='bbox 641 3836 707 3899; x_wconf 91' lang='lat' dir='ltr'>suis</span> <span class='ocrx_word' id='word_1_227' title='bbox 727 3835 885 3916; x_wconf 83' lang='lat' dir='ltr'>adversis,</span> <span class='ocrx_word' id='word_1_228' title='bbox 907 3834 1002 3899; x_wconf 88' lang='lat' dir='ltr'>fidem</span> <span class='ocrx_word' id='word_1_229' title='bbox 1022 3860 1154 3903; x_wconf 93' lang='lat' dir='ltr'>mansu·</span> 
     </span>
     <span class='ocr_line' id='line_1_32' title="bbox 92 3936 1154 4025; baseline 0.006 -24"><span class='ocrx_word' id='word_1_230' title='bbox 92 3961 159 4001; x_wconf 85' lang='lat' dir='ltr'>ram</span> <span class='ocrx_word' id='word_1_231' title='bbox 170 3953 276 4018; x_wconf 84' lang='lat' dir='ltr'>ratus,</span> <span class='ocrx_word' id='word_1_232' title='bbox 285 3937 410 4024; x_wconf 82' lang='lat' dir='ltr'>privato</span> <span class='ocrx_word' id='word_1_233' title='bbox 421 3937 548 4025; x_wconf 89' lang='lat' dir='ltr'>navigio</span> <span class='ocrx_word' id='word_1_234' title='bbox 558 3936 712 4002; x_wconf 85' lang='lat' dir='ltr'>Rhodum</span> <span class='ocrx_word' id='word_1_235' title='bbox 722 3953 852 4001; x_wconf 86' lang='lat' dir='ltr'>avectus</span> <span class='ocrx_word' id='word_1_236' title='bbox 864 3952 920 4001; x_wconf 86' lang='lat' dir='ltr'>est.</span> <span class='ocrx_word' id='word_1_237' title='bbox 935 3939 1056 4022; x_wconf 91' lang='lat' dir='ltr'>Carbo,</span> <span class='ocrx_word' id='word_1_238' title='bbox 1072 3942 1154 4007; x_wconf 91' lang='lat' dir='ltr'>nihil</span> 
     </span>
     <span class='ocr_line' id='line_1_33' title="bbox 92 4038 1152 4129; baseline 0.005 -26"><span class='ocrx_word' id='word_1_239' title='bbox 92 4041 208 4103; x_wconf 92' lang='lat' dir='ltr'>nonin</span> <span class='ocrx_word' id='word_1_240' title='bbox 226 4062 265 4103; x_wconf 88' lang='lat' dir='ltr'>eo</span> <span class='ocrx_word' id='word_1_241' title='bbox 281 4041 378 4102; x_wconf 91' lang='lat' dir='ltr'>situm</span> <span class='ocrx_word' id='word_1_242' title='bbox 392 4039 524 4120; x_wconf 87' lang='lat' dir='ltr'>videns,</span> <span class='ocrx_word' id='word_1_243' title='bbox 538 4040 566 4103; x_wconf 90' lang='lat' dir='ltr'>si</span> <span class='ocrx_word' id='word_1_244' title='bbox 581 4039 774 4126; x_wconf 86' lang='lat' dir='ltr'>praenestina</span> <span class='ocrx_word' id='word_1_245' title='bbox 786 4038 866 4102; x_wconf 87' lang='lat' dir='ltr'>solvi</span> <span class='ocrx_word' id='word_1_246' title='bbox 882 4039 1008 4103; x_wconf 90' lang='lat' dir='ltr'>obsidio</span> <span class='ocrx_word' id='word_1_247' title='bbox 1027 4059 1152 4129; x_wconf 87' lang='lat' dir='ltr'>posset,</span> 
     </span>
     <span class='ocr_line' id='line_1_34' title="bbox 92 4140 1152 4230; baseline 0.003 -25"><span class='ocrx_word' id='word_1_248' title='bbox 92 4141 126 4205; x_wconf 89' lang='lat' dir='ltr'>L.</span> <span class='ocrx_word' id='word_1_249' title='bbox 143 4142 375 4230; x_wconf 88' lang='lat' dir='ltr'>Damasippum</span> <span class='ocrx_word' id='word_1_250' title='bbox 393 4165 467 4205; x_wconf 90' lang='lat' dir='ltr'>cum</span> <span class='ocrx_word' id='word_1_251' title='bbox 482 4140 608 4204; x_wconf 87' lang='lat' dir='ltr'>duabus</span> <span class='ocrx_word' id='word_1_252' title='bbox 624 4141 805 4230; x_wconf 82' lang='lat' dir='ltr'>legionibus</span> <span class='ocrx_word' id='word_1_253' title='bbox 819 4163 858 4203; x_wconf 89' lang='lat' dir='ltr'>eo</span> <span class='ocrx_word' id='word_1_254' title='bbox 874 4142 1033 4228; x_wconf 89' lang='lat' dir='ltr'>proficisci</span> <span class='ocrx_word' id='word_1_255' title='bbox 1043 4143 1152 4226; x_wconf 81' lang='lat' dir='ltr'>jubet3</span> 
     </span>
     <span class='ocr_line' id='line_1_35' title="bbox 92 4241 1151 4332; baseline 0.002 -26"><span class='ocrx_word' id='word_1_256' title='bbox 92 4241 147 4306; x_wconf 84' lang='lat' dir='ltr'>sed</span> <span class='ocrx_word' id='word_1_257' title='bbox 168 4264 230 4307; x_wconf 87' lang='lat' dir='ltr'>nec</span> <span class='ocrx_word' id='word_1_258' title='bbox 250 4243 291 4307; x_wconf 88' lang='lat' dir='ltr'>ab</span> <span class='ocrx_word' id='word_1_259' title='bbox 313 4242 376 4306; x_wconf 90' lang='lat' dir='ltr'>hoc</span> <span class='ocrx_word' id='word_1_260' title='bbox 399 4241 551 4330; x_wconf 87' lang='lat' dir='ltr'>quidem,</span> <span class='ocrx_word' id='word_1_261' title='bbox 572 4242 734 4330; x_wconf 88' lang='lat' dir='ltr'>occupatis</span> <span class='ocrx_word' id='word_1_262' title='bbox 757 4264 814 4330; x_wconf 88' lang='lat' dir='ltr'>per</span> <span class='ocrx_word' id='word_1_263' title='bbox 836 4242 955 4307; x_wconf 88' lang='lat' dir='ltr'>Sullam</span> <span class='ocrx_word' id='word_1_264' title='bbox 978 4246 1151 4332; x_wconf 87' lang='lat' dir='ltr'>angustiis,</span> 
     </span>
    </p>
   </div>
   <div class='ocr_carea' id='block_1_3' title="bbox 93 4449 1152 4598">
    <p class='ocr_par' dir='ltr' id='par_1_5' title="bbox 93 4449 1152 4598">
     <span class='ocr_line' id='line_1_36' title="bbox 123 4449 1152 4516; baseline -0.005 -15"><span class='ocrx_word' id='word_1_265' title='bbox 123 4451 140 4516; x_wconf 71' lang='grc'>5</span> <span class='ocrx_word' id='word_1_266' title='bbox 154 4455 174 4501; x_wconf 89' lang='lat'>1.</span> <span class='ocrx_word' id='word_1_267' title='bbox 189 4453 223 4501; x_wconf 89' lang='lat' dir='ltr'>U.</span> <span class='ocrx_word' id='word_1_268' title='bbox 235 4452 265 4501; x_wconf 87' lang='lat' dir='ltr'>C.</span> <span class='ocrx_word' id='word_1_269' title='bbox 276 4453 341 4511; x_wconf 76' lang='lat'><strong>6703</strong></span> <span class='ocrx_word' id='word_1_270' title='bbox 357 4453 389 4500; x_wconf 88' lang='grc' dir='ltr'>Δ.</span> <span class='ocrx_word' id='word_1_271' title='bbox 402 4455 431 4502; x_wconf 88' lang='lat' dir='ltr'>C.</span> <span class='ocrx_word' id='word_1_272' title='bbox 447 4453 490 4500; x_wconf 66' lang='grc' dir='ltr'>θα.</span> <span class='ocrx_word' id='word_1_273' title='bbox 507 4479 542 4488; x_wconf 91' lang='grc'>-</span> <span class='ocrx_word' id='word_1_274' title='bbox 555 4451 618 4500; x_wconf 71' lang='lat' dir='ltr'>teu.</span> <span class='ocrx_word' id='word_1_275' title='bbox 637 4453 674 4511; x_wconf 91' lang='lat'>11,</span> <span class='ocrx_word' id='word_1_276' title='bbox 690 4453 730 4498; x_wconf 79' lang='lat'>28.</span> <span class='ocrx_word' id='word_1_277' title='bbox 749 4478 783 4486; x_wconf 93' lang='lat'><em>-</em></span> <span class='ocrx_word' id='word_1_278' title='bbox 802 4449 853 4498; x_wconf 80' lang='lat' dir='ltr'>ttv.</span> <span class='ocrx_word' id='word_1_279' title='bbox 871 4450 936 4512; x_wconf 85' lang='lat' dir='ltr'>Epit.</span> <span class='ocrx_word' id='word_1_280' title='bbox 948 4477 984 4486; x_wconf 91' lang='lat'>—</span> <span class='ocrx_word' id='word_1_281' title='bbox 998 4449 1104 4513; x_wconf 71' lang='lat' dir='ltr'>Appias.</span> <span class='ocrx_word' id='word_1_282' title='bbox 1118 4475 1152 4485; x_wconf 93' lang='lat'>-</span> 
     </span>
     <span class='ocr_line' id='line_1_37' title="bbox 93 4530 500 4598; baseline 0 -16"><span class='ocrx_word' id='word_1_283' title='bbox 93 4530 151 4596; x_wconf 67' lang='lat'>311.</span> <span class='ocrx_word' id='word_1_284' title='bbox 162 4535 278 4594; x_wconf 61' lang='lat' dir='ltr'>oto-J,</span> <span class='ocrx_word' id='word_1_285' title='bbox 290 4549 333 4582; x_wconf 84' lang='lat' dir='ltr'>ao.</span> <span class='ocrx_word' id='word_1_286' title='bbox 345 4561 379 4571; x_wconf 92' lang='lat'><em>-</em></span> <span class='ocrx_word' id='word_1_287' title='bbox 392 4535 500 4598; x_wconf 76' lang='lat' dir='ltr'>Appian.</span> 
     </span>
    </p>
   </div>
   <div class='ocr_carea' id='block_1_4' title="bbox 919 4646 976 4690">
    <p class='ocr_par' dir='ltr' id='par_1_6' title="bbox 919 4646 976 4690">
     <span class='ocr_line' id='line_1_38' title="bbox 919 4646 976 4690; baseline 0 0"><span class='ocrx_word' id='word_1_288' title='bbox 919 4646 976 4690; x_wconf 66' lang='grc' dir='ltr'>Μ.</span> 
     </span>
    </p>
   </div>
   <div class='ocr_carea' id='block_1_5' title="bbox 0 0 1340 5018">
    <p class='ocr_par' dir='ltr' id='par_1_7' title="bbox 0 0 1340 5018">
     <span class='ocr_line' id='line_1_39' title="bbox 0 0 1340 5018; baseline 0 0"><span class='ocrx_word' id='word_1_289' title='bbox 0 0 1340 5018; x_wconf 95' lang='lat' dir='ltr'> </span> 
     </span>
    </p>
   </div>
  </div>
 </body>
</html>
