2670 5018
274 735 329 806 IN
359 735 471 806 LOC.
498 734 591 804 LlB.
620 734 820 804 LXXXIV
849 736 1060 809 LIVIANI.
1135 735 1203 823 143

130 851 276 920 dubitari
289 879 359 920 non
372 871 518 945 poterat,
534 856 615 944 quin
629 879 771 943 quorum
783 857 817 920 in
835 878 934 920 manu
945 857 986 921 ad
999 858 1033 922 id
1047 863 1202 949 temporis

131 957 319 1045 respublica
335 958 466 1038 fuisset,
484 979 584 1045 penes
601 957 733 1021 cosdem
750 958 783 1020 in
800 974 967 1046 posterum
981 949 1114 1050 quoque
1126 986 1202 1051 per-

132 1081 287 1124 mansura
307 1083 437 1124 summa
452 1081 562 1124 rerum
578 1076 670 1126 esset.

174 1162 217 1225 X.
229 1162 390 1226 Praeterea
401 1161 575 1242 libertinis,
587 1161 742 1249 quitum,
755 1161 867 1228 eadem
877 1165 1043 1229 annitente
1053 1167 1203 1250 factione,

135 1263 165 1324 in
182 1264 334 1352 quinque
347 1277 382 1326 et
392 1263 523 1353 triginta
535 1263 638 1327 tribus
648 1262 813 1328 distributi
827 1281 936 1346 erant,
954 1266 1111 1354 novisque
1125 1254 1203 1332 civi·

135 1364 194 1428 bus
208 1366 368 1429 omnibus
388 1363 430 1429 ad
446 1365 597 1452 quaelibet
614 1365 705 1429 usuri
726 1364 931 1430 videbantur.
951 1367 1021 1432 Nec
1036 1384 1145 1432 tamen
1162 1392 1202 1434 eo

135 1465 255 1548 secius,
273 1466 434 1553 quianon
454 1482 522 1530 erat
541 1466 750 1555 ambiguum,
768 1490 809 1531 ne
828 1469 985 1533 sexcentis
1001 1467 1134 1557 quidem
1154 1494 1204 1536 se·

137 1567 389 1631 natusconsultis
402 1567 550 1655 compelli
559 1567 679 1631 Sullam
692 1566 734 1632 ad
748 1566 955 1634 dimittendas
969 1569 1078 1658 copias
1090 1593 1203 1659 posse,

136 1667 173 1732 ad
187 1668 365 1732 imminens
374 1668 497 1733 bellum
510 1691 638 1733 summa
650 1669 860 1733 contentione
873 1671 983 1734 omnia
995 1673 1202 1760 parabantur.

137 1771 245 1834 'l'autae
260 1772 409 1860 profecto
422 1793 532 1834 rerum
548 1771 715 1852 omnium,
731 1788 763 1835 et
776 1772 938 1859 praecipue
955 1773 1112 1856 militum,
1128 1798 1204 1839 con·

138 1887 241 1936 tractae
255 1872 357 1961 copiae
366 1888 462 1954 sunt,
476 1888 515 1936 ut
530 1873 563 1936 in
574 1873 824 1959 Commentariis
841 1874 907 1937 suis
921 1873 1008 1938 Sulla
1021 1877 1202 1965 scripserit,

137 1997 164 2036 se
183 1975 334 2039 adversus
349 1972 525 2063 quindecim
536 1977 679 2062 partilem
695 1973 1023 2055 adveneramus,
1045 1979 1202 2066 quadrin-

135 2077 231 2160 gentis
245 2089 275 2139 et
291 2074 509 2164 quadragrirta
522 2076 698 2139 cohortibus
713 2078 894 2155 t'rtstructos,
910 2077 943 2138 in
954 2075 1083 2142 Italtbm
1098 2093 1202 2143 trans-

137 2179 279 2240 misisse:
300 2176 373 2257 alii,
395 2177 545 2241 cohortes
570 2176 646 2264 ipsis
669 2176 896 2265 quingenarias
920 2176 1018 2241 fuisse
1045 2177 1201 2244 ducentas

137 2279 239 2342 statim
252 2279 294 2342 ab
306 2279 416 2358 initio,
431 2277 580 2359 tradunt;
596 2294 774 2366 posteaque
785 2293 919 2341 auctum
933 2300 1009 2341 eum
1026 2300 1201 2344 numerum

137 2401 219 2460 esse,
234 2379 326 2467 quod
338 2379 426 2442 Sulla
442 2379 482 2442 ab
496 2380 635 2443 externis
651 2380 716 2442 oris
729 2379 863 2442 veniens
878 2377 982 2442 hostis
999 2379 1097 2443 Italiae
1110 2378 1202 2444 vide·

137 2479 244 2563 batur3
264 2481 415 2545 consules
430 2496 463 2544 et
471 2480 579 2573 Carbo
593 2480 724 2568 privatis
737 2479 853 2543 studiis
867 2478 1051 2567 reipublicae
1064 2480 1202 2545 amabile

138 2602 253 2645 nomen
271 2580 500 2645 obtenderant.

176 2683 234 2746 Xl.
255 2683 382 2771 Vulgus
400 2683 500 2770 igitur
516 2683 663 2746 certatim
680 2697 882 2746 sacramento
898 2680 1042 2765 dicebat,
1061 2699 1111 2748 tot
1125 2685 1201 2749 illu·

136 2783 247 2847 strium
264 2784 410 2848 virorum
426 2784 616 2848 auctoritate
631 2798 851 2864 commotum,
864 2783 922 2871 qui
933 2784 1079 2871 partibus
1093 2809 1127 2850 se
1143 2785 1201 2851 du·

137 2907 184 2949 ces
195 2885 403 2950 offerebant:
420 2908 494 2948 nam
512 2899 716 2972 praetereas,
732 2884 789 2970 qui
806 2883 906 2947 modo
924 2900 1002 2948 sunt
1013 2887 1200 2968 memorati,

137 2991 192 3077 tp.
203 2987 377 3068 Claudius,
397 2989 439 3069 Q.
449 2987 629 3069 Sertorius,
646 2988 684 3050 C.
696 2986 818 3050 Marius
838 2984 1043 3066 adolescens,
1066 2987 1111 3050 M.
1129 2988 1200 3052 Ma·

138 3091 213 3170 rius,
226 3090 312 3154 clara
327 3089 462 3151 nomina
475 3086 626 3169 aderant;
643 3101 796 3176 praeterea
807 3087 937 3167 Marcii,
952 3089 1059 3167 Bruti,
1074 3088 1200 3170 Albini,

136 3192 251 3278 quibus
273 3193 409 3278 insuper
425 3190 665 3263 Albinovanus,
684 3187 814 3251 Flavius
832 3187 975 3250 Fimbria
996 3186 1066 3251 Caii
1085 3188 1200 3265 frater,

136 3292 364 3381 Damasippus,
379 3307 412 3356 et
424 3291 465 3355 ab
476 3290 564 3354 ltalia
580 3290 625 3353 M.
638 3288 854 3375 Lamponius,
869 3289 1007 3352 Pontius
1017 3289 1200 3374 Telesinus,

137 3392 232 3457 Gutta
240 3396 415 3482 Capuanus
427 3408 643 3457 accesserunt.
652 3391 787 3455 lnterim
799 3392 902 3472 Sulla,
913 3408 1020 3456 certus
1032 3391 1066 3454 in
1077 3393 1200 3456 ltaliam

135 3496 285 3578 transire,
307 3517 366 3582 per
381 3493 551 3557 'lbessalos
570 3509 601 3557 et
623 3489 848 3556 Macedoniam
867 3491 1107 3580 Dyrrhachium
1124 3515 1201 3581 pro-

135 3598 233 3661 fectus
253 3612 320 3677 est,
340 3595 398 3660 ubi
414 3596 548 3659 classem
565 3593 606 3658 ad
627 3594 735 3682 copias
758 3591 1013 3680 transponendae
1031 3615 1201 3677 occurrere
1247 3666 1251 3671 Α

132 3696 277 3775 jusserat.

175 3801 251 3864 Xll.
270 3800 334 3863 llic
349 3799 413 3863 loci
429 3798 600 3887 Satyrum,
618 3797 728 3883 quales
742 3820 761 3858 a
773 3793 953 3883 pictoribus
970 3808 1002 3856 et
1018 3793 1121 3880 poetis
1138 3791 1199 3858 fin·

133 3918 270 3989 guntur,
285 3900 466 3965 adductum
478 3899 520 3964 ad
532 3899 653 3964 Sullam
665 3899 792 3978 ferunt,
808 3896 842 3959 iu
852 3895 1034 3983 Nymphaeo
1053 3911 1199 3984 captum,

132 4025 232 4090 quum
254 4003 340 4066 sorte
359 4025 476 4066 somno
496 4024 628 4089 operam
653 3999 755 4063 daret.
774 4001 870 4062 Juxta
890 3998 1093 4085 Apolloniam
1120 4000 1199 4063 vici·

133 4127 204 4168 nam
223 4104 431 4194 Dyrrhachio
446 4103 665 4192 Nympboeum
683 4116 747 4180 est,
766 4122 856 4164 sacer
873 4115 944 4162 tum
962 4099 1071 4180 locus3
1091 4101 1148 4164 ubi
1165 4102 1199 4164 in

130 4204 243 4269 virenti
252 4221 287 4269 et
298 4205 371 4268 laeta
380 4204 460 4268 valle
469 4252 479 4285 ‚
489 4203 676 4291 campisque
688 4199 895 4281 florentibus,
904 4201 1107 4265 subterranei
1119 4202 1201 4290 ignis

160 4433 532 4500 §1x.11.c.669;A.c.83.
547 4459 582 4469 —
593 4431 645 4479 biv.
659 4431 726 4495 Epit.
744 4457 779 4467 -
793 4430 899 4494 Appian.
917 4430 971 4477 civ.
985 4429 1028 4478 lib.
1044 4431 1064 4476 1.
1082 4457 1116 4466 -
1135 4429 1152 4494 5
1167 4430 1201 4476 X.

130 4520 190 4569 nur.
201 4522 227 4570 iu
240 4520 325 4578 Sulla,
338 4534 393 4582 cap.
408 4532 449 4566 rt.
460 4545 496 4554 -
508 4516 616 4581 Appian.
