2670 5018
292 744 346 813 ru
381 742 493 811 soc.
517 736 611 809 Lus.
637 743 802 812 cxxxi
831 741 1048 817 trvrsrtt
1155 768 1202 843 79

136 866 242 932 Piraeei
264 887 324 954 spe
343 863 486 928 victoriae
509 862 680 946 collocata,
703 885 834 926 murum
856 887 895 929 ex
915 866 1072 954 quadrato
1094 868 1201 958 lapide

133 969 273 1058 ingentis
294 964 543 1056 magnitudinis,
564 964 606 1029 ad
625 965 827 1032 altitudinem
851 967 1036 1032 cubitorum
1059 970 1199 1057 quadra-

135 1072 220 1159 ginta
237 1066 513 1134 circumduxerat.
533 1066 602 1131 Nec
624 1067 851 1149 dubitabatur,
868 1069 1068 1157 supsriorem
1086 1072 1200 1161 utique

134 1171 248 1235 urbem
270 1169 322 1233 rel
347 1167 492 1233 sedendo
515 1170 692 1259 expugnari
710 1190 821 1256 posse,
845 1168 936 1256 quod
957 1188 1200 1259 magnatorum

134 1272 388 1336 necessariamm
404 1270 540 1357 penuria
556 1272 678 1334 inerat:
694 1269 750 1334 sed
766 1270 952 1357 frequentes
963 1273 1066 1336 Roma
1082 1271 1123 1337 de
1138 1291 1200 1338 no·

135 1374 180 1437 vis
195 1373 297 1437 rebus
311 1371 436 1452 nuntii,
453 1371 604 1435 festinare
616 1371 726 1459 potius
738 1394 813 1435 cum
827 1371 991 1460 periculo,
1009 1396 1107 1461 quam
1124 1396 1199 1440 cum

136 1475 237 1537 multa
255 1472 411 1562 temporis
424 1472 549 1551 jactura
567 1488 640 1536 tuto
658 1472 803 1554 vincere,
822 1473 991 1563 cogebant.

177 1576 234 1639 Vl.
249 1575 354 1663 igitur
371 1574 463 1638 scalis
478 1572 520 1637 ad
533 1573 691 1637 Piraeeum
708 1572 864 1655 admotis,
882 1596 999 1664 magna
1012 1575 1045 1638 vi
1063 1593 1199 1641 conatus

136 1693 183 1742 est
200 1697 431 1765 perrumpere3
454 1674 559 1740 donec
579 1675 689 1739 omnia
704 1674 925 1763 nequidquam
945 1692 1116 1763 expertus,
1137 1701 1198 1743 nec

135 1779 221 1842 enim
238 1778 369 1868 segnius
386 1799 421 1841 se
436 1777 516 1866 regii
526 1776 763 1858 defendebant,
778 1776 820 1840 ad
836 1777 1089 1868 compingendae
1100 1801 1200 1844 omne

135 1901 237 1968 genus
257 1866 423 1944 machinas
441 1879 628 1944 Eleusinem
649 1894 681 1942 et
698 1879 828 1968 Megara
841 1879 1002 1943 concessit
1019 1902 1027 1943 :
1042 1881 1199 1968 'operibus
1298 1893 1301 1905 ¹

134 1980 221 2044 enim
232 1999 424 2069 oppugnare
435 1980 593 2044 Piraeeum
607 1979 788 2068 cogitabat:
802 2001 879 2042 eum
889 1981 923 2043 in
936 2003 1034 2044 usum
1044 1981 1198 2064 artifices,

134 2082 337 2169 seruamque,
352 2097 386 2145 et
399 2081 583 2169 catapulta,
602 2081 749 2167 aliusque
765 2095 954 2168 apparatus,
972 2081 1084 2146 decem
1101 2084 1198 2148 milli·

135 2184 193 2247 bus
210 2184 379 2247 mulorum
392 2182 495 2272 jugis,
512 2205 551 2245 cx
564 2182 646 2247 urbe
663 2180 803 2244 thebana
815 2180 1076 2264 advehebantur3
1091 2182 1197 2249 donec

133 2286 242 2373 inopia
258 2285 399 2348 materiae
414 2284 533 2370 (multa
550 2284 638 2347 enim
661 2295 759 2370 opera
779 2297 931 2370 corrupta
950 2299 984 2346 et
1005 2284 1136 2349 incensa
1155 2285 1196 2350 ab

133 2386 299 2466 hostibus,
317 2400 375 2449 aut
393 2407 454 2449 suo
475 2384 620 2473 pondere
637 2384 888 2472 procumbentia
909 2384 1079 2472 peribant)
1099 2387 1196 2452 sacris

132 2510 265 2576 quoque
280 2487 361 2550 lucis
374 2487 484 2567 injecit
500 2508 651 2568 manum,
668 2503 700 2550 et
714 2485 937 2566 Academiam,
957 2486 1196 2552 nobilissimum

132 2588 218 2652 orbis
233 2603 393 2652 terrarum
410 2588 632 2677 gymnasium,
649 2611 717 2675 quo
740 2610 807 2651 non
827 2603 896 2651 erat
916 2587 997 2651 alius
1022 2589 1055 2651 in
1076 2589 1196 2653 subur·

132 2689 223 2753 banis
243 2688 448 2754 nemorosior
462 2689 571 2770 locus,
589 2689 842 2777 proximumque
859 2690 943 2752 fama
963 2704 996 2752 et
1011 2690 1197 2756 amoenitate

132 2790 299 2877 Lycaeum,
316 2790 487 2854 arboribus
504 2788 647 2854 nudavit.

171 2891 246 2955 vll.
264 2892 368 2980 Longi
386 2892 482 2955 etiam
506 2891 610 2973 muri,
630 2892 688 2978 qui
710 2888 752 2953 ad
773 2888 889 2953 urbem
908 2890 1155 2957 Atheniensium
1177 2917 1196 2957 a

131 3007 228 3078 portu
244 2992 469 3079 pertinebant,
487 2992 633 3072 subruti,
651 3012 725 3055 saxa
740 2991 911 3078 trabesque
925 2991 1088 3057 struendis
1100 3017 1196 3085 agge-

130 3094 220 3158 ribus
237 3094 458 3182 praebuerunt.
481 3094 579 3157 Forte
608 3093 700 3156 miles
721 3093 882 3180 caespitem
909 3093 1033 3176 ferens,
1058 3092 1195 3159 fulmine

130 3187 329 3259 exanimatus
347 3194 557 3284 prociderat:
576 3195 619 3258 ob
640 3216 709 3258 eam
733 3214 803 3256 rem
825 3193 994 3257 consultus
1013 3193 1194 3283 haruspex,

130 3296 216 3385 qood
226 3316 392 3386 percautus
405 3298 439 3360 in
457 3319 547 3386 opere
561 3294 661 3375 miles,
677 3308 834 3382 caputque
844 3293 985 3382 jacentis
999 3297 1034 3357 in
1046 3296 1196 3383 opprilum

129 3420 253 3461 versmn
266 3412 359 3479 esset,
380 3400 539 3461 tirtms'tum
558 3410 590 3459 et
604 3398 771 3459 victorium
787 3395 945 3482 respondit
955 3397 1124 3475 Romanis,
1141 3397 1199 3460 sed

130 3519 193 3560 non
208 3500 271 3562 nisi
280 3513 355 3587 post
368 3499 551 3562 diuturnum
563 3496 702 3561 laborem
717 3490 899 3584 signficari.
914 3497 979 3560 llas
990 3497 1077 3560 inter
1088 3519 1195 3561 moras

130 3615 161 3661 et
175 3615 328 3688 sumptus
344 3599 538 3683 obsidionis,
555 3622 659 3687 quum
677 3598 724 3661 rei
744 3597 935 3661 nummariae
953 3596 1124 3661 difficultas
1143 3599 1195 3661 in·

130 3701 292 3784 cessisset,
308 3702 344 3766 L.
355 3702 443 3766 Sulla
459 3724 565 3765 sacros
583 3700 713 3766 Graeciae
731 3699 900 3764 thesauros
919 3699 953 3762 iu
971 3699 1194 3786 promiscuum

130 3803 275 3890 pecuniae
296 3824 394 3866 usum
411 3804 526 3884 vertit,
545 3803 695 3892 Olympia
719 3818 752 3866 et
774 3800 939 3890 Epidauro
962 3800 1058 3880 jussis
1078 3802 1195 3868 advehi

130 3903 356 3989 pulcherrimis
371 3904 675 3992 pretiosissimisque
692 3902 845 3967 donariis.

171 4005 261 4069 Vlll.
276 4003 420 4093 Delphos
432 4005 693 4092 quoqueCaphis
706 4003 839 4067 nomine
849 4000 967 4064 missus
981 4016 1047 4081 est,
1063 4001 1194 4066 natione

131 4103 325 4187 Phocensis,
342 4121 379 4169 ut
396 4105 436 4170 ab
452 4105 747 4195 Amphictyonibus
768 4118 961 4167 ornamenta
978 4102 1089 4189 templi
1110 4103 1194 4166 acci·

130 4223 219 4292 peret
235 4230 244 4270 :
264 4228 341 4269 nam
361 4221 420 4270 aut
438 4209 536 4272 tutus
550 4207 640 4295 apud
655 4230 685 4271 se
694 4204 777 4293 fone
795 4202 856 4268 illa
875 4204 1064 4291 scripserat,
1079 4219 1152 4281 aut,
1170 4205 1199 4267 si

162 4414 179 4481 S
191 4417 225 4466 V.
238 4416 348 4481 Appim.
362 4443 398 4453 —-
410 4417 532 4466 Plutarch.
548 4441 583 4452 -·
597 4416 647 4465 Dio
657 4415 723 4481 apud
732 4414 814 4463 Voles.
830 4440 865 4449 -
882 4413 975 4480 Sulpic.
988 4413 1054 4479 apud
1067 4413 1195 4462 (lindam.

132 4500 174 4558 Π,
188 4514 226 4548 rs.
235 4526 272 4538 -
285 4500 396 4565 Appiam
405 4500 601 4563 -Jutotsuq
614 4527 647 4538 ·-
660 4496 875 4548 renuntiata.
