2670 5018
227 761 285 836 IN
319 766 431 834 LOC.
457 765 548 833 LlB.
574 767 776 835 LXXVIII
807 771 1020 844 LlVlANl.
1115 794 1159 870 27
1259 812 1260 815 ¹

91 911 159 955 esse
167 936 177 970 ,
186 888 267 953 satis
277 889 365 951 inter
372 902 520 950 auctores
535 905 670 953 constat.
680 890 797 978 Neque
810 892 939 957 silentio
951 897 1160 982 praeterierim

91 1009 236 1056 atrocem
247 990 460 1080 Theophanis
476 990 582 1054 Lesbii
601 993 812 1074 calumniam,
839 1018 903 1082 qua
917 998 977 1059 viri
999 999 1160 1063 innocenss

90 1094 205 1158 tissimi
221 1093 259 1157 P.
273 1092 387 1155 Rutilii
403 1090 521 1175 famam
534 1092 673 1156 lacerare
689 1109 738 1158 est
750 1112 888 1159 conatus
902 1096 1035 1161 :Rutilii
1042 1100 1162 1164 scilicet

89 1197 220 1260 hortatu
236 1195 455 1260 Mitlm'datem
471 1207 572 1258 tnntae
589 1198 717 1261 saevitiae
736 1197 899 1261 consilium
916 1201 1036 1286 cepisse.
1057 1203 1159 1266 Caete·

90 1321 164 1362 rum
181 1297 400 1385 Theophanes
422 1297 486 1359 illis
508 1320 642 1385 quoque
665 1299 886 1385 temporibus,
911 1299 1031 1387 quibus
1049 1312 1172 1365 recens·

91 1401 209 1464 harum
229 1422 339 1463 rerum
357 1415 425 1463 erat
444 1400 618 1480 memoria,
638 1422 673 1462 se
694 1402 802 1487 potius
822 1401 1008 1487 turpissime
1029 1401 1163 1465 menda·

92 1524 179 1583 cem,
194 1524 294 1589 quam
308 1501 467 1565 Rutilium
484 1499 671 1588 improbum
688 1499 847 1565 ostendit:
862 1501 1048 1565 liberalibus
1061 1503 1161 1565 literis

92 1601 256 1693 perquam
266 1602 464 1666 illiberaliter
480 1624 579 1682 usus,
603 1603 661 1689 qui
677 1603 711 1665 in
727 1603 863 1667 historia
880 1604 1021 1667 scribere
1034 1602 1076 1667 de
1088 1605 1160 1668 Ru·

92 1705 161 1769 tilio
183 1705 261 1770 falsa
280 1705 416 1769 crimina
439 1727 505 1768 non
527 1704 675 1786 erubuit,
691 1727 758 1768 non
778 1707 821 1769 ob
846 1706 950 1787 aliud,
967 1727 1066 1793 quam
1084 1707 1161 1794 quia

91 1806 230 1871 Rutilius
246 1807 288 1871 de
306 1823 398 1896 patre
415 1809 475 1871 Cn.
495 1804 642 1894 Pompeii
658 1829 732 1871 vera
747 1808 928 1895 scripserat.

135 1910 213 1973 XII.
238 1909 390 1973 Colorem
410 1907 545 1997 fingenti
569 1909 765 1972 nonnullum
789 1910 927 1997 praebuit
954 1908 1082 1986 Rutilii,
1104 1909 1160 1995 qui

93 2025 164 2072 tum
185 2008 349 2098 Mitylenis
371 2009 499 2098 agebat,
522 2033 625 2098 quum
644 2011 782 2073 Romani
801 2008 1047 2091 occiderentur,
1068 2010 1161 2072 inco·

93 2110 233 2174 lumitas.
247 2110 312 2174 Sed
327 2111 395 2192 ille,
416 2128 602 2199 comperto,
621 2128 746 2201 togatos
760 2112 801 2175 ad
818 2134 930 2177 necem
948 2113 1062 2199 quaeri,
1078 2133 1161 2198 prae-

93 2232 165 2274 sens
190 2211 376 2298 periculum
401 2213 534 2277 vestitus
558 2215 739 2277 mutatione
762 2215 935 2278 vitaverat:
960 2236 1033 2300 quae
1053 2213 1161 2276 cautio

93 2313 159 2375 aliis
174 2313 271 2375 etiam
285 2312 404 2400 passim
418 2336 476 2402 per
487 2315 595 2378 Asiam
613 2317 709 2380 saluti
725 2315 799 2380 fuit.
817 2315 881 2380 Sed
896 2316 966 2379 baec
980 2331 1077 2402 atque
1089 2314 1162 2377 talia

93 2415 269 2478 revolventi
294 2416 405 2479 animo
425 2416 479 2479 illa
495 2417 636 2481 subinde
655 2419 807 2508 cogitatio
829 2434 995 2497 occursat,
1014 2439 1087 2493 eos,
1105 2415 1162 2504 qui

93 2538 202 2580 rerum
216 2532 380 2606 gestarum
396 2537 609 2584 monumenta
623 2520 854 2602 conscribunt,
870 2520 953 2583 nihil
965 2539 1163 2608 magnopere

93 2616 190 2698 aliud,
200 2641 299 2706 quam
313 2640 462 2684 errorum
477 2636 576 2708 atque
589 2622 824 2709 suppliciorum
842 2622 1065 2684 bumanorum
1078 2641 1163 2682 com·

94 2719 292 2799 mentarios,
309 2732 426 2784 texere.

136 2820 229 2884 XIII.
254 2823 361 2908 Atque
380 2824 505 2887 utinam
530 2824 628 2904 hujus
645 2841 740 2887 tantae
758 2825 945 2888 calamitatis
962 2842 1109 2902 causam,
1127 2838 1165 2885 ut

94 2924 284 3013 investigare
311 2948 380 2988 non
399 2924 550 3006 difficile,
571 2927 615 2989 ita
633 2927 746 2990 tollere
769 2944 960 3015 promptum
984 2924 1081 2989 esset!
1100 2920 1163 2985 Sed

95 3046 153 3087 uos
184 3026 307 3091 bellum
333 3049 409 3091 cum
435 3044 550 3091 natura
573 3029 793 3116 suscepimus,
816 3029 952 3114 ejusque
977 3041 1103 3090 certum
1132 3040 1165 3087 et

95 3126 330 3190 immutabilem
354 3126 523 3209 ordinem,
543 3128 635 3207 cuius
659 3145 773 3192 auctor
800 3144 965 3215 statorque
987 3128 1076 3191 Deus
1095 3144 1163 3209 est,

96 3247 201 3313 neque
214 3227 297 3290 scire
312 3251 480 3311 curamus,
493 3252 601 3318 neque
617 3230 794 3328 respicere5
811 3228 930 3292 deinde
944 3229 1067 3316 optime
1082 3252 1164 3293 con-

96 3328 176 3390 sulta
186 3329 271 3393 male
284 3331 437 3396 cecidisse
450 3333 576 3419 questi,
591 3354 651 3395 nos
661 3326 874 3414 absolvimus,
891 3332 993 3394 latum
1011 3347 1043 3394 et
1053 3332 1164 3396 nescio

96 3452 192 3515 quam
211 3430 380 3495 fortunam
398 3434 597 3496 incusamus.
621 3434 720 3521 Atqui
742 3433 836 3496 nobis
856 3431 920 3495 hoe
938 3432 1004 3511 jam
1020 3455 1038 3495 a
1054 3432 1162 3519 primo

97 3552 204 3594 rerum
224 3533 395 3597 conditore
409 3535 552 3598 inditum
573 3535 798 3621 insertumque
810 3534 931 3612 fuerat,
949 3549 1007 3610 ut,
1022 3531 1079 3618 qui
1095 3531 1164 3593 haec

98 3634 204 3695 omnia
221 3634 324 3722 regit,
347 3657 454 3724 neque
475 3636 570 3699 bonis
587 3634 780 3717 adversum,
803 3657 910 3721 neque
932 3633 1167 3696 contumaciter

98 3735 199 3819 pravis
216 3736 408 3824 placabilem
424 3738 601 3827 intelligere
619 3760 800 3826 possemus.
814 3734 975 3799 Eumdem
990 3750 1079 3798 tanta
1097 3757 1166 3799 esse

97 3833 268 3922 sapientia,
286 3840 451 3927 tantisque
467 3841 590 3905 viribus
610 3842 777 3919 novimus,
796 3855 832 3903 ut
847 3861 954 3926 neque
974 3838 1164 3926 cujusquam

96 3953 165 4000 astu
182 3939 428 4023 circumveniri,
448 3963 554 4030 neque
572 3943 644 4031 cogi
661 3943 803 4031 iugratiis
819 3958 935 4029 queat:
953 3963 1084 4004 omnem
1103 3940 1165 4028 igi·

97 4053 149 4100 tur
163 4040 346 4127 prudentiae
360 4065 522 4107 summam
537 4068 576 4108 eo
591 4043 749 4125 recidere,
762 4059 814 4124 ut,
831 4042 992 4132 siquidem
1008 4043 1092 4106 bene
1110 4063 1167 4105 no·

97 4137 145 4200 bis
160 4162 231 4203 esse
245 4141 401 4224 velimus,
417 4144 508 4208 httnc
524 4162 598 4209 ante
616 4147 723 4209 omnia
741 4146 902 4208 laventem
920 4144 1167 4232 propitiumque

98 4238 217 4304 babere
234 4240 421 4310 debeamus.

138 4343 227 4408 XIV.
247 4344 325 4410 Haec
336 4369 411 4412 vera
427 4366 525 4438 atque
542 4350 726 4415 indelebilia
742 4349 870 4415 decreta
884 4349 1000 4412 rationi
1018 4348 1166 4411 omnium

130 4529 147 4595 S
163 4534 207 4580 XI·
219 4534 343 4599 Plptarclr.
356 4535 382 4584 iu
396 4538 483 4603 Pomp.
496 4566 529 4578 -
542 4537 558 4604 S
569 4539 626 4588 XII.
640 4537 694 4588 Cic.
704 4552 752 4602 pro
763 4535 848 4586 Rabir.
859 4552 880 4583 c.
892 4551 931 4585 ro.
942 4563 976 4574 -
986 4534 1116 4593 Atben.V,
1128 4538 1169 4586 rt.
