2670 5018
26 9 1253 371 u

141 735 186 823 54
216 772 223 779 ·
310 741 380 807 10.
407 738 745 807 FREINSIIEMII
777 738 1020 836 SUPPLEM.

140 861 285 948 «legatus
301 859 442 940 torserit,
460 880 574 923 omnes
587 860 706 923 seimus
721 882 728 923 :
746 874 777 922 et
792 859 956 947 quamvis,
973 880 1039 945 qua
1053 875 1102 923 est
1114 876 1198 924 astu·

140 962 223 1042 «tia,
240 962 320 1025 mire
340 960 559 1025 innocentiam
577 961 759 1042 simularet,
777 960 910 1025 minime
927 960 1085 1048 persuasit
1099 983 1198 1050 repu-

138 1061 324 1142 «tantibus,
346 1061 448 1148 qualis
467 1060 501 1125 in
519 1061 560 1145 Q.
573 1062 741 1127 Metellum
759 1061 884 1126 firisset.
902 1061 1018 1149 Neque
1040 1061 1129 1127 euim
1151 1078 1198 1126 est

140 1161 431 1251 «exspectandum,
443 1179 499 1244 ut,
511 1163 568 1251 qui
574 1162 687 1243 junior
693 1185 804 1227 senem
814 1209 824 1243 ,
836 1162 1005 1251 praetorius
1016 1162 1199 1243 consulem,

138 1266 283 1353 «legatus
301 1265 528 1352 imperatorem
546 1286 613 1329 uon
627 1280 677 1329 est
691 1263 867 1340 reveritus,
878 1262 905 1326 is
923 1262 1075 1349 cuiquam
1087 1262 1198 1342 juveni

141 1388 260 1429 “senex
275 1382 307 1428 et
323 1365 424 1429 sexies
440 1365 555 1429 consul
572 1363 738 1429 concedat.

184 1467 368 1530 XXXVIII.
393 1467 489 1530 «Hoc
513 1466 645 1555 ingenio
665 1466 772 1529 virum
798 1464 888 1553 apud
915 1465 1025 1529 hostes
1050 1479 1198 1544 nostros,

141 1590 263 1653 «quam
285 1567 457 1631 nobiscum
479 1588 567 1649 esse,
592 1568 688 1657 longe
710 1566 839 1649 malim3
860 1565 942 1631 adeo
962 1565 1044 1629 nihil
1066 1587 1202 1631 moveor

140 1666 248 1731 aruris
278 1667 514 1748 metuentium,
544 1691 586 1733 ne
611 1667 654 1733 ad
679 1683 785 1756 partes
813 1668 1018 1756 optimatium
1049 1682 1200 1731 transeat.

79 1822 81 1827 .
140 1767 322 1833 «Transeat
336 1790 428 1846 vero,
448 1784 480 1832 et
497 1768 542 1832 ibi
558 1769 667 1857 potius
684 1768 817 1833 consilia
833 1768 961 1848 turbet,
982 1767 1202 1831 aemulationes

140 1883 325 1948 «exerceat,
339 1885 530 1933 caeterorum
544 1885 678 1933 conatus
691 1869 869 1933 ambitione
882 1884 915 1932 et
926 1866 1087 1932 discordia
1100 1890 1203 1932 more·

140 1971 230 2033 ntur!
244 1973 288 2034 At
298 1992 375 2033 vero
390 1993 544 2058 magnum
556 1970 650 2035 nobis
667 1968 851 2058 presidium
867 1967 1092 2048 detrahemus,
1103 1967 1203 2033 idem·

139 2102 153 2125 a
164 2094 228 2158 que
243 2069 429 2150 adjiciemus
447 2071 644 2136 adversariis.
663 2073 734 2160 Ego
747 2094 823 2136 vero
842 2093 909 2134 nou
926 2068 1038 2150 rideo,
1056 2068 1136 2156 quid
1150 2070 1202 2134 bis

140 2171 261 2234 «rebus
286 2170 402 2234 afferre
424 2173 582 2236 momenti
606 2189 727 2259 queant
748 2171 930 2260 decrepitus
952 2172 1146 2261 imperator,
1170 2189 1202 2237 et

139 2272 332 2360 «piscatoria
348 2273 489 2361 navigia,
506 2289 540 2337 et
555 2274 738 2362 manipulus
754 2290 919 2363 pastorum
933 2297 1009 2339 cum
1023 2274 1203 2364 agrestibus

142 2375 271 2438 «armis.
284 2375 343 2438 Ille
356 2396 433 2438 sane
446 2374 578 2437 classem
593 2391 626 2438 et
637 2375 816 2440 exercitum
827 2391 938 2456 vocet;
957 2397 1018 2439 nos
1035 2375 1202 2440 collectam

141 2505 154 2528 ι
164 2497 203 2538 ex
219 2476 302 2563 agris
318 2491 351 2538 et
367 2469 532 2560 ergastulis
551 2474 793 2541 multitudinem
807 2498 877 2542 esse
892 2476 1110 2563 comperimus
1125 2499 1133 2540 :
1151 2499 1205 2540 cu·

143 2576 215 2654 «jus
230 2576 353 2664 generis
368 2597 455 2637 arma
472 2575 649 2639 consociari
669 2577 802 2655 nostris,
820 2578 846 2640 si
864 2599 924 2641 nos
939 2577 1005 2664 pati
1021 2577 1202 2665 possimus,

145 2677 284 2738 smilites
301 2698 367 2740 non
383 2675 507 2755 ferent,
521 2692 686 2762 quotquot
699 2693 776 2741 suut
794 2678 920 2741 romani
939 2677 1078 2741 nominis
1098 2692 1131 2741 et
1153 2701 1203 2741 sa·

144 2778 321 2840 «cramenti
340 2798 509 2841 memores.
553 2824 556 2829 -

189 2879 369 2943 XXXIX.«
380 2879 463 2943 Sane
474 2879 624 2942 extremis
637 2878 837 2967 temporibus
848 2902 956 2944 servos
967 2878 1084 2959 armari
1095 2897 1206 2942 neces·

144 3010 156 3032 ·‹
166 2980 241 3043 sitas
258 2979 420 3061 defendit,
435 2979 491 3044 sed
505 2980 562 3043 ubi
576 2979 644 3043 haec
658 2979 755 3058 abiit,
769 2979 1049 3066 honestorumque
1066 2978 1205 3043 militum

145 3098 216 3144 «est
239 3082 349 3170 copia,
375 3104 472 3146 nemo
496 3080 638 3170 prudens
663 3080 726 3144 hoc
751 3079 891 3144 dedecus
914 3080 998 3144 ultra
1021 3079 1204 3143 sustinebit.

146 3183 325 3247 «Hostibus
344 3184 452 3272 potius
469 3184 552 3248 hanc
572 3197 722 3270 optemus
743 3181 924 3259 infamiam,
944 3194 982 3243 ut
996 3180 1120 3245 civibus
1139 3181 1206 3244 suis

63 3350 68 3355 ,
145 3300 316 3370 «ereptum
329 3285 375 3348 ire
388 3284 538 3372 suffragia
553 3300 586 3347 et
596 3283 699 3348 tribus
712 3283 816 3347 servili
830 3305 930 3346 manu
942 3280 1093 3345 dicantur
1105 3305 1112 3345 :
1126 3281 1207 3345 nihil

145 3408 258 3471 saeque
274 3385 425 3449 retinebit
436 3385 470 3449 in
486 3386 631 3473 partibus
645 3408 717 3463 eos,
734 3386 790 3471 qui
800 3386 867 3464 jam
881 3384 1050 3448 coiverunt
1065 3382 1106 3447 ad
1123 3405 1207 3446 com·

146 3509 303 3549 «munem
327 3508 477 3565 causam3
502 3502 534 3549 et
558 3484 742 3550 dubitantes
765 3486 944 3574 explicabit.
966 3487 1125 3549 Craterum
1146 3506 1207 3571 ego

146 3587 242 3675 «plus
258 3587 374 3665 timeo,
391 3603 427 3650 ut
441 3587 491 3649 vel
506 3587 560 3649 bic
574 3585 725 3650 accedere
740 3588 858 3651 nostris
876 3587 1080 3661 adversariis,
1093 3586 1144 3650 vel
1162 3586 1206 3650 illi

147 3689 258 3751 «bunc
275 3690 416 3776 recipere
431 3689 541 3752 velint.
555 3687 653 3769 Odit,
671 3687 814 3775 odioque
834 3706 882 3754 est
903 3688 1081 3766 nobilitati;
1102 3709 1208 3775 neque

147 3819 159 3841 a
171 3804 260 3851 tauto
272 3791 426 3876 temporis
440 3805 561 3870 tractu,
570 3784 742 3877 postquam
754 3789 807 3854 ille
818 3790 918 3854 semel
928 3788 1059 3853 accessit
1070 3787 1111 3851 ad
1125 3811 1209 3851 rem·

148 3889 353 3981 «publicam,
381 3891 445 3952 ulla
467 3891 593 3954 occasio
619 3888 788 3978 premendi
808 3890 946 3954 inuicem
973 3886 1208 3975 sugillandique

147 3989 381 4076 «praetermissa
408 4005 464 4053 est.
487 3989 630 4077 Ideoque
652 4014 783 4078 nuper,
808 3989 973 4078 quamde
999 4011 1039 4052 eo
1067 3991 1103 4053 L.
1122 3990 1209 4053 Sulla

150 4090 289 4153 «consul
312 4088 353 4153 ad
376 4105 524 4153 senatum
547 4091 726 4172 retulisset,
751 4109 867 4179 praeter
891 4113 997 4154 uuum
1020 4090 1207 4171 hominem,

150 4188 384 4254 «adolescentis
404 4190 497 4253 Marii
521 4212 684 4271 socerum,
702 4215 799 4257 nemo
812 4194 943 4257 Patrum
958 4193 1036 4272 fuit,
1051 4191 1143 4270 cujus
1157 4193 1209 4257 ille

150 4293 331 4355 «sententia
346 4291 448 4355 bostis
465 4313 531 4353 non
544 4289 753 4369 judicaretur.

195 4393 263 4458 xl..
285 4394 391 4475 «Quis
415 4390 537 4475 credat,
554 4391 679 4455 tantillo
700 4410 847 4481 ternpore
869 4415 1002 4457 sensum
1021 4408 1119 4479 atque
1141 4414 1209 4455 me·

150 4495 307 4558 «moriam
333 4509 425 4558 tantae
447 4492 570 4571 injuriae
593 4491 738 4557 excidere
764 4493 878 4557 animis
902 4495 1062 4582 potuisse,
1088 4508 1125 4556 ut
1148 4492 1210 4557 lida
