2670 5018
149 791 192 859 82
321 789 388 854 JO.
415 784 751 854 FREINSHEMII
783 784 1026 853 SUPPLEM.

144 910 269 998 ‘gientes
291 927 367 970 suos
387 904 524 991 impigre
547 901 706 966 obsistens
723 901 899 966 Archelaus
921 902 1026 967 redire
1043 906 1152 993 coegit
1168 907 1201 970 in

146 1011 296 1088 hostem3
316 1003 405 1067 unde
418 1003 557 1067 vicissim
577 1024 710 1067 romans
729 1003 812 1067 acies
830 1003 945 1092 pedem
961 1004 1080 1068 referre
1097 1009 1201 1095 caepit.

146 1110 209 1174 Sed
231 1132 249 1171 a
269 1109 413 1170 Muraena
435 1103 569 1168 cohibiti
594 1105 781 1169 restiterunt
804 1127 811 1167 :
832 1104 943 1185 simul,
966 1105 1023 1193 qui
1045 1105 1202 1193 lignatum

146 1209 323 1288 exiverant,
341 1206 477 1286 reversi3
492 1206 635 1293 itemque
650 1206 719 1287 ulii,
739 1205 795 1293 qui
811 1206 996 1295 ignominie
1011 1227 1106 1272 causa
1120 1230 1204 1272 secr

145 1309 205 1372 sim
224 1308 417 1389 tendebant,
437 1323 669 1373 accurrerunt:
687 1308 872 1394 horumque
892 1322 1022 1371 strenua
1039 1330 1138 1396 opera
1155 1310 1203 1373 fa·

144 1424 232 1471 ctum
253 1426 316 1491 est,
337 1424 373 1472 ut
390 1407 485 1496 regii,
502 1406 632 1472 duobus
647 1407 786 1470 militum
804 1407 945 1471 millibus
961 1409 1103 1489 amissis,
1120 1410 1203 1474 intra

146 1531 256 1574 muros
273 1509 555 1596 compellerentur.

188 1610 259 1674 XV.
276 1610 465 1690 Archelaus,
479 1607 559 1672 dum
575 1607 617 1672 ad
632 1606 817 1672 retinendos
834 1630 912 1672 suos
924 1624 992 1672 tota
1005 1626 1114 1673 mente
1124 1631 1203 1673 con·

144 1733 271 1793 versus,
291 1711 428 1775 salutem
446 1731 537 1773 suam
556 1709 707 1798 negligit,
723 1709 860 1773 occlusis
873 1709 939 1788 jam
955 1708 1067 1797 oppidi
1084 1710 1200 1797 portis,

144 1814 223 1875 fune
243 1813 277 1874 in
295 1812 412 1876 moenia
431 1808 611 1874 subductus
631 1825 690 1874 est.
707 1809 810 1889 Sulla,
832 1809 876 1872 ob
893 1809 1052 1898 egregiam
1069 1830 1200 1897 operam

141 1911 277 1977 laudatis
293 1913 466 1994 militibus,
482 1911 679 2000 demptaque
692 1912 747 1993 iis,
765 1912 821 2000 qui
836 1913 939 1976 notati
955 1913 1101 1992 fuerant,
1113 1911 1203 2000 igno·

144 2014 240 2076 minia
250 2062 259 2095 ,
270 2038 373 2102 quum
383 2030 532 2103 appetere
541 2013 682 2077 hiemem
691 2012 826 2095 rideret,
833 2013 952 2078 relictis
965 2012 1006 2077 sd
1018 2034 1117 2101 opera
1126 2035 1203 2100 prae·

72 2119 75 2124 ’
143 2115 249 2198 sidiis,
268 2133 370 2180 castra
387 2116 427 2180 ad
444 2115 628 2179 Eleusinem
648 2115 759 2179 movit.
777 2114 968 2202 Equitabilis
986 2137 1026 2178 eo
1044 2114 1117 2177 loco
1132 2115 1201 2201 pla·

142 2215 237 2280 nities
247 2232 330 2298 erat,
343 2233 374 2279 et
387 2239 425 2280 eo
436 2237 553 2306 genere
567 2215 734 2302 copiarum
744 2216 854 2279 hostes
868 2213 1085 2279 abundabant.
1098 2215 1202 2304 Igitur

141 2314 246 2397 Sulla,
264 2339 305 2380 ne
319 2339 434 2380 eorum
452 2332 574 2404 pateret
590 2315 847 2396 incursionibus,
870 2319 986 2379 fossam
1003 2314 1209 2404 profundam

101 2432 108 2452 ⁸
141 2440 158 2478 a
176 2418 341 2482 montibus
362 2417 403 2481 ad
424 2439 512 2481 mare
532 2416 651 2481 ducere
673 2417 795 2505 coepit:
816 2418 879 2481 hoc
903 2439 985 2505 opus
1003 2415 1199 2505 prohibituri

142 2518 268 2598 hostes,
286 2517 474 2605 quotidiana
495 2517 596 2582 modo
618 2516 658 2580 ad
680 2517 817 2602 fossam,
841 2516 940 2582 modo
958 2541 1018 2605 pro
1039 2517 1200 2581 moenibus

143 2617 251 2682 Piraeei
269 2621 441 2683 certamina
453 2634 629 2681 moverunt
639 2641 647 2683 t
658 2617 866 2683 abundabant
875 2619 961 2683 enim
974 2616 1199 2699 multitudine3
1236 2667 1241 2677 .

142 2722 286 2806 marique
302 2720 405 2783 libero
429 2719 615 2800 utentibus,
639 2736 672 2783 et
688 2715 849 2809 exponere
867 2744 942 2785 suos
958 2720 1015 2783 ubi
1030 2719 1198 2800 volebant,

141 2834 172 2880 et
191 2821 349 2908 recipere,
373 2835 424 2898 et,
449 2841 657 2907 quocumque
679 2836 901 2910 opportunum
917 2819 1096 2899 videretur,
1113 2821 1200 2899 traji-

141 2942 228 2999 cere,
245 2921 279 2982 in
297 2934 451 3008 promptu
474 2935 543 2983 erat
562 2943 569 2983 :
587 2941 697 2983 rerum
717 2943 850 3009 quoque
869 2921 1120 2985 necessariarum
1143 2943 1199 2984 eo·

140 3023 226 3108 piam
243 3022 308 3085 suis
327 3021 472 3102 efficere,
487 3021 658 3108 penuriam
671 3022 820 3085 hostibus
834 3043 872 3084 ex
889 3021 973 3085 facili
986 3035 1144 3109 poterant.
1212 3042 1213 3047 ¹

184 3122 271 3185 xvt.
284 3122 387 3211 Igitur
398 3121 500 3202 Sulla,
513 3121 617 3185 missis
626 3121 668 3186 ad
675 3120 876 3186 Rhodienses
888 3123 982 3186 certis
995 3121 1198 3204 hominibus,

141 3224 272 3286 classem
283 3224 422 3289 arcessit.
434 3223 534 3305 Quod
543 3224 617 3304 ubi,
629 3223 723 3312 regiis
735 3247 823 3287 mare
833 3223 1072 3304 obtinentibus,
1084 3245 1198 3311 parum

141 3323 351 3408 procedebat,
368 3324 402 3388 L.
414 3325 585 3388 Lucullum
600 3324 633 3386 in
646 3323 825 3412 AEgyptum
842 3341 873 3389 et
887 3324 1027 3388 Africam
1041 3322 1199 3411 proficisci

141 3424 180 3487 ad
203 3424 400 3512 corrogando
427 3447 445 3488 a
465 3425 594 3513 regibus
619 3439 652 3486 et
673 3425 839 3488 maritimis
861 3422 1042 3488 civitatibus
1067 3425 1197 3488 navium

140 3527 254 3589 auxilia
267 3527 377 3607 jussit,
395 3526 513 3614 quibus
530 3529 705 3588 instructus
722 3525 926 3590 Rhodiorum
950 3525 1081 3588 classem
1104 3548 1198 3589 secu·

140 3627 206 3688 rius
224 3625 407 3690 deduceret.
428 3626 581 3690 Lucullus
605 3647 712 3713 neque
733 3629 828 3690 maris
850 3629 986 3707 incerta,
1007 3648 1114 3713 neque
1133 3627 1197 3689 vim

141 3724 283 3789 hostium
296 3728 416 3791 veritus
426 3777 435 3804 ,
445 3726 553 3790 hieme
566 3725 672 3791 media
684 3748 759 3790 cum
772 3729 949 3814 paronibus
959 3728 1068 3816 graecis
1082 3727 1196 3806 tribus,

139 3826 341 3914 totidemque
362 3827 566 3892 Rhodiorum
589 3826 721 3893 dicrotis
744 3829 854 3909 solvit3
871 3831 1030 3917 Cretaque
1051 3830 1197 3917 partibus

139 3926 305 4007 adjuncta,
317 3931 458 4015 Cyrenas
473 3931 657 3994 transmisit.
675 3930 751 3994 Erat
764 3945 834 3993 tum
850 3931 1009 4017 pessimus
1023 3931 1196 4017 cyrenaicae

140 4028 185 4090 rei
200 4043 318 4108 status,
335 4051 406 4114 quae
420 4045 495 4116 post
507 4046 733 4095 testamentum
745 4031 896 4119 Apionis,
911 4032 1011 4121 magis
1022 4032 1093 4094 sine
1107 4052 1195 4120 rege,

140 4151 236 4215 quam
253 4129 285 4190 in
302 4128 448 4192 libertate
464 4130 589 4212 relicta,
604 4154 711 4219 neque
724 4131 854 4197 defensa
868 4132 908 4195 ab
921 4132 1090 4216 Romanis,
1107 4132 1194 4196 domi

140 4231 214 4292 satis
233 4230 437 4317 negotiorum
455 4231 670 4313 habentibus,
689 4235 723 4297 in
742 4232 915 4298 seditiones
937 4250 968 4297 et
991 4233 1194 4321 tyrannidem

140 4329 303 4394 inciderat.

173 4526 188 4589 s
202 4526 271 4574 XVI.
283 4527 404 4577 Plutarch.
414 4529 440 4577 in
451 4531 565 4591 Lucullo,
576 4547 629 4596 cap.
642 4533 665 4581 3.
