2670 5018
318 50 460 113 tribunal
476 73 494 112 a
510 50 655 112 Domitio
674 51 881 138 reciperetur.

360 150 545 213 XXXVIII.
564 151 666 238 Igitur
684 152 729 214 III.
748 152 866 213 (lulius
885 167 910 213 tr

318 250 436 313 sidium
453 252 509 314 abs
524 253 688 333 Domitio,
709 254 871 316 Domitius
888 276 903 315 a

319 375 421 439 quuin
432 353 472 416 ad
482 355 629 417 aerarium
639 354 755 419 sedens
767 354 882 419 eodem
892 355 917 417 cI

319 454 470 541 promisit
492 458 658 536 Domitio,
680 481 714 523 se
742 455 897 545 postridie

319 556 368 619 Ita
384 558 534 644 proximo
556 557 659 623 biduo
679 559 820 646 quietius
837 555 922 620 audit

320 658 411 721 nium
439 659 592 725 dixerunt
615 661 807 750 Sempronia
830 657 924 722 Tudit

319 784 431 825 socrus
450 763 486 826 P.
507 762 631 845 Clodii,
648 778 680 827 et
695 785 778 825 uxor
795 760 921 840 Fulvia3

319 861 370 925 bri
391 886 586 952 magnopere
609 876 866 928 commoverunt.
888 862 929 949 Igi

320 962 478 1027 decimam
492 963 634 1048 judicio,
654 966 693 1029 T.
711 962 877 1028 Munatius
892 984 932 1049 po

197 1062 204 1079 '
308 1060 463 1150 frequens
473 1064 605 1143 adesset,
619 1063 934 1129 etelabiMilonemn

319 1176 352 1227 et
370 1162 509 1226 dolorem
534 1187 625 1228 suum
651 1165 833 1229 ostenderet.
859 1164 937 1228 Post

317 1262 463 1343 judIoum
483 1265 580 1328 unius
598 1282 631 1328 et
646 1266 864 1355 septuaginta,
880 1264 940 1351 iisq

320 1364 424 1446 tibus,
445 1366 569 1453 Appius
595 1368 718 1448 major,
743 1384 777 1432 et
796 1365 842 1431 Μ.
865 1369 942 1430 Ant(

320 1465 428 1549 duxit,
446 1484 479 1532 et
492 1468 528 1532 P.
546 1468 691 1533 Valerius
704 1468 813 1555 Nepos
829 1488 942 1531 accusa

320 1568 496 1634 dicendum
514 1569 596 1635 dotis
612 1593 630 1634 e
646 1571 734 1659 Iege,
753 1584 946 1657 peregerunt

365 1673 518 1737 XXXIX.
538 1673 597 1737 His
611 1694 698 1736 unus
713 1688 782 1735 erat
795 1691 946 1758 responsu

321 1796 365 1838 no
384 1774 473 1837 horis
491 1774 533 1839 ad
553 1772 729 1839 dicendum
747 1772 840 1836 datis.
860 1771 946 1860 Igitu

320 1874 408 1961 poris
422 1874 702 1964 circumscriptus,
716 1890 748 1938 et
763 1873 917 1962 adspectu
930 1888 946 1934 t«

321 1975 406 2039 circa
421 1978 529 2040 forum
543 1976 717 2064 Pompeius
729 1973 946 2063 disposuerat,

322 2092 408 2158 erat,
425 2078 606 2142 constantia
624 2092 657 2139 et
676 2075 842 2158 secundia,
861 2096 946 2138 cause

322 2176 440 2262 scripta
455 2200 516 2263 pro
535 2177 660 2241 Milone
683 2177 802 2265 legitur
818 2175 946 2241 Ciceron

321 2290 370 2338 est
387 2297 395 2339 :
412 2293 512 2362 puto,
527 2278 697 2343 ostendere
714 2279 865 2356 cupiente
881 2292 946 2340 orat

343 2372 353 2397 Ι
