2670 5018
141 770 1188 797 ΜἉΩΜΜΜΜΜΜΜΜΜΜΜΜΜΜΜΜ

261 973 550 1063 JOANNIS
591 974 1056 1064 FREINSHEMII

169 1225 1149 1366 SUPPLEMENTORUM

351 1522 973 1648 LIVIANORUM

498 1794 675 1873 LIBER
709 1795 825 1873 XLV

279 2012 327 2066 ru
358 1999 513 2067 nocuit
537 2012 660 2066 unul
687 2011 813 2067 Lxxx
839 2012 1026 2068 nrvtsrtr.

467 2232 859 2269 ss·

538 2437 779 2506 EPITOME

434 2591 555 2648 LIBRI
580 2591 876 2683 OCTQGESIMI.

129 2725 219 2780 Italicis
232 2726 343 2800 populis
358 2743 375 2777 a
388 2735 481 2777 oenatu
493 2724 584 2777 civitas
600 2724 663 2778 data
676 2736 724 2779 est.
743 2725 890 2788 Semnites,
905 2725 952 2796 qui
969 2723 1018 2777 soii
1037 2741 1111 2776 arma
1127 2724 1188 2776 reti-

158 2811 271 2872 nebant,
284 2809 378 2862 Cinna
392 2820 417 2860 et
426 2807 512 2860 Mario
521 2827 549 2860 se
558 2809 766 2880 conjunxerunt:
778 2809 813 2861 ab
824 2808 855 2861 iis
868 2809 986 2861 Plautius
996 2826 1057 2860 curn
1074 2806 1188 2860 exercitu

159 2912 239 2946 cesus
251 2905 301 2946 ests
321 2893 408 2945 Cinna
423 2903 449 2945 et
461 2890 561 2943 Marius
574 2910 636 2943 cum
647 2891 768 2944 Carbone
778 2901 804 2943 et
814 2891 929 2946 Sertorio
941 2887 1095 2943 Ianiculum
1107 2908 1188 2942 occu-

159 2990 305 3047 paverunt,
320 2987 346 3029 et
365 2975 447 3047 fugati
461 2976 495 3028 ab
509 2974 622 3028 Octavio
637 2974 745 3028 consule
760 2987 933 3029 recesserunt.
952 2974 1053 3026 Murius
1063 2973 1185 3035 Antium,

160 3071 184 3113 et
198 3060 332 3121 Ariciam,
348 3070 374 3112 et
388 3058 537 3111 Lanuvium
553 3058 671 3113 colonias
687 3058 839 3112 devastavit.
856 3061 947 3124 Quum
959 3058 1033 3111 nulla
1047 3076 1105 3129 spes
1120 3069 1189 3109 esset

159 3141 332 3213 optimatibus
343 3141 479 3195 resistendi
493 3153 601 3214 propter
614 3142 749 3214 segnitiem
763 3154 789 3196 et
799 3143 939 3215 perfidiam
951 3154 977 3196 et
989 3141 1089 3195 ducum
1101 3154 1128 3195 et
1141 3142 1190 3192 mi-

158 3224 253 3287 litum,
271 3224 317 3296 qui
340 3225 456 3296 corrupti
478 3238 524 3278 aut
545 3244 665 3297 pugnare
684 3226 828 3289 nolebant,
847 3225 946 3281 autad
966 3226 1083 3280 diversas
1102 3237 1190 3297 partes

159 3308 320 3373 transibant,
332 3308 417 3361 Cinna
428 3319 454 3361 et
462 3309 564 3362 Marius
572 3309 600 3362 in
613 3309 712 3363 Urbem
723 3309 822 3380 recepti
831 3322 908 3362 suut:
919 3309 965 3381 qui
973 3347 981 3374 ,
988 3310 1060 3362 velut
1069 3320 1188 3380 captam,

160 3409 218 3442 eam
239 3389 357 3444 cordibus
376 3403 401 3443 et
419 3392 518 3464 rapinis
538 3404 691 3457 vastarunt,
713 3393 762 3446 Cn.
780 3393 893 3446 Octavio
910 3392 1018 3446 consule
1039 3391 1143 3453 occiso,
1164 3401 1190 3442 et

160 3472 282 3526 omnibns
296 3472 413 3527 adverse
427 3475 510 3547 partis
523 3476 657 3530 nobilibus
673 3475 835 3541 trucidatus,
850 3477 918 3531 inter
935 3496 1002 3548 quos
1019 3476 1058 3528 Μ.
1075 3474 1190 3527 Antonio

161 3557 376 3630 eloquentissimo
388 3558 462 3623 viro,
474 3561 505 3613 L.
520 3572 546 3613 et
558 3561 590 3614 C.
604 3561 706 3616 Cusare
716 3603 724 3627 ,
736 3580 852 3633 quorum
861 3560 947 3633 capita
959 3560 987 3612 in
996 3557 1096 3612 Rostris
1106 3557 1188 3628 posita

160 3652 230 3693 tunt.
245 3641 359 3694 Crassus
372 3642 443 3696 iilius
458 3644 492 3696 ab
509 3644 639 3716 equitibus
654 3645 775 3698 Fimbrin
793 3644 886 3698 occisis
900 3656 995 3716 :pater
1010 3643 1140 3706 Crassus,
1156 3661 1190 3693 ue

162 3724 224 3794 quid
236 3724 377 3797 indignum
386 3727 481 3781 virtute
493 3747 539 3781 sua
553 3740 696 3800 pateretur,
711 3728 799 3801 gladio
812 3748 840 3782 se
854 3726 993 3780 transfixit.
1011 3727 1045 3778 Et
1057 3727 1123 3778 citra
1137 3725 1190 3778 ulla

159 3810 266 3862 comitia
275 3809 398 3863 consules
409 3812 437 3863 in
448 3825 598 3884 sequentem
609 3832 707 3866 annum
720 3832 747 3865 se
758 3813 826 3884 ipsos
835 3811 1069 3874 renuntiaverunt3
1082 3808 1189 3862 eodem-

160 3910 212 3963 que
224 3892 286 3958 die,
299 3914 355 3967 qno
366 3895 550 3966 magistratum
563 3897 690 3960 Inierant,
706 3897 805 3949 Marius
821 3896 880 3949 Sex.
893 3894 1023 3948 Licinium
1041 3906 1190 3947 senatorem

161 3974 193 4028 de
215 3995 279 4029 saxo
303 3976 382 4050 dejici
397 3979 493 4050 jussit:
514 3979 644 4052 editisque
663 3979 753 4049 multis
775 3979 932 4043 sceleribus,
954 3977 1041 4031 idibus
1059 3976 1189 4050 januariis

161 4059 272 4115 decessit
284 4079 291 4113 :
306 4062 359 4126 vir,
372 4067 448 4137 cujus
463 4064 485 4116 si
498 4064 681 4118 examinentur
696 4083 757 4117 cum
771 4064 911 4117 virtutibus
922 4062 1004 4124 vitia}
1023 4060 1096 4114 haud
1110 4059 1189 4113 facile

161 4144 193 4197 sit
203 4143 290 4211 dinttt,
302 4159 392 4199 utrum
405 4147 475 4202 bello
487 4149 590 4212 melior,
601 4166 635 4201 an
645 4167 711 4220 pace
722 4148 895 4221 perniciosior
910 4146 1004 4207 suerit3
1014 4142 1096 4207 adeo,
1107 4162 1189 4214 quam

158 4229 351 4303 rempublicam
364 4243 479 4286 umatus
491 4232 622 4296 servarit,
635 4250 694 4285 earu
706 4233 794 4306 primo
806 4243 913 4302 togatus
925 4228 1000 4281 omni
1010 4245 1107 4300 genere
1120 4226 1191 4279 Isau·

161 4311 217 4378 dis,
229 4325 367 4385 posuemo
378 4316 458 4369 armis
468 4316 597 4370 hostiliter
608 4317 710 4370 evertit.

471 4477 854 4512 ...ῥοὴ-.-
