2670 5018
280 732 333 802 IN
362 733 477 800 LOC.
503 733 597 800 LIB.
624 735 788 804 LXXIX
816 739 1027 810 LIVIANI.
1142 742 1186 812 53

131 871 191 917 ·est
210 869 393 916 mortuus:
416 875 536 916 nomen
558 871 682 918 tantum
704 872 737 919 et
760 858 828 920 baec
847 859 935 921 velut
957 861 1071 924 umbra
1093 863 1187 926 Marii

130 971 316 1043 oeperunt,
333 977 432 1041 quam
451 976 556 1041 nuper
572 958 607 1019 L.
617 957 721 1037 Sulla,
742 975 915 1044 postquam
935 963 1034 1025 semel
1046 980 1187 1027 contem·

130 1079 340 1121 mereamus
361 1071 425 1135 est,
442 1055 533 1118 nullo
548 1056 659 1120 labore
681 1056 872 1147 profligavit.
893 1058 944 1122 Ab
965 1060 1020 1123 illo
1043 1078 1189 1150 ternpore

130 1158 382 1222 ·calamitatibus
398 1174 431 1220 et
449 1158 584 1222 miseriis
601 1157 821 1240 conflictatus,
836 1161 946 1246 quales
964 1162 1058 1224 etiarn
1071 1164 1187 1242 juven·

130 1259 223 1321 nutis
234 1259 443 1347 exstinguere
456 1259 600 1346 vigorem
613 1261 811 1347 potuissent,
827 1260 917 1348 quod
931 1263 1034 1326 robur
1049 1264 1090 1327 ad
1103 1286 1188 1329 cotu-

131 1382 280 1423 nmunem
298 1381 446 1437 causam,
463 1381 542 1446 quas
561 1361 613 1424 ille
629 1363 712 1426 vires
729 1362 864 1427 afferet?

168 1460 303 1523 XXXV.
324 1459 412 1524 «Sed
430 1460 498 1541 fac,
519 1462 579 1525 alia
603 1479 690 1527 sorte
709 1466 744 1527 C.
757 1463 917 1545 Marium,
939 1487 1036 1553 quarn
1058 1481 1189 1529 caeteros

130 1562 320 1642 «mortales,
339 1561 465 1641 vivere,
488 1563 627 1650 tempori
648 1580 680 1626 et
696 1564 793 1628 annis
809 1564 904 1627 licere
923 1565 958 1627 in
979 1565 1070 1628 illum
1090 1565 1189 1646 nihil,

130 1661 237 1748 «quod
248 1677 360 1724 tamen
373 1684 423 1725 res
434 1663 502 1749 ipsa
511 1662 647 1727 refutat:
662 1687 702 1727 an
718 1665 817 1753 igitur
826 1664 1030 1753 recipiendus
1039 1663 1107 1729 est?
1118 1667 1188 1753 Ego

130 1785 238 1843 «vero,
257 1760 461 1825 admirentur
480 1763 570 1845 licet,
592 1764 648 1851 qui
669 1764 711 1827 ad
730 1788 832 1853 pauca
850 1767 1057 1853 respicientes
1076 1784 1188 1830 caetera

130 1884 213 1926 «non
225 1862 506 1945 animadvertunt,
523 1886 601 1953 ego,
616 1865 766 1951 inquam,
783 1867 834 1930 vel
845 1867 888 1930 ob
902 1867 966 1932 hoc
983 1869 1089 1956 ipsum
1104 1867 1188 1932 dice·

129 1986 215 2026 «rem
234 1962 458 2053 recipiendum
476 1988 545 2029 esse
562 1966 680 2030 minus.
697 1967 732 2030 L.
744 1968 846 2029 Cinna
867 1969 999 2048 consul,
1015 1969 1186 2055 caeterique
1271 1990 1274 1995 ·

130 2063 247 2128 ·duces
269 2087 402 2145 omnes,
423 2066 484 2129 sub
508 2066 607 2129 unius
628 2067 713 2129 senis
734 2067 849 2130 umbra
868 2067 965 2130 latere
986 2067 1189 2148 videremur,

130 2166 187 2228 aab
204 2167 269 2230 hoc
286 2165 436 2247 defendi,
453 2167 530 2230 huic
546 2165 663 2230 debere
679 2167 856 2230 victoriam.
933 2231 936 2237 ,

168 2268 322 2331 XXXVI.
343 2269 406 2330 «At
418 2291 494 2331 vero
513 2291 585 2356 quae
604 2289 664 2331 nos
681 2283 768 2330 tanta
787 2268 957 2331 necessitas
974 2267 1111 2356 subigit,
1132 2284 1186 2349 ut,

129 2369 284 2432 «alienam
298 2368 432 2458 gloriam
447 2390 542 2458 supra
555 2368 690 2432 modurn
707 2366 909 2447 extollendo,
925 2383 1067 2431 nostram
1084 2369 1189 2431 existi-

129 2472 325 2534 ·mationem
340 2471 422 2533 infra
439 2471 588 2534 meritum
604 2469 846 2558 deprimamus?
862 2471 925 2532 Res
941 2470 1036 2533 nobis
1049 2486 1098 2534 est
1111 2493 1186 2533 curn

130 2570 378 2658 «optimatibus,
395 2572 490 2635 Sullae
508 2570 650 2636 discessu
668 2569 905 2659 propemodum
920 2572 1099 2637 exarmatis.
1118 2571 1186 2636 Sub

129 2674 235 2761 «segni
252 2672 337 2736 duce
350 2673 413 2736 tiro
427 2674 602 2753 exercitus,
615 2673 828 2736 tumultuario
845 2688 1030 2736 contractus
1042 2671 1184 2754 delectu,

130 2789 179 2835 «ct
190 2773 288 2836 Urbis
309 2789 404 2836 vastae
424 2774 492 2837 aliis
513 2774 748 2838 munitionibus
771 2773 920 2862 indigens
940 2774 1096 2853 munitio,
1112 2798 1169 2863 gra

129 2872 234 2936 «viora
251 2873 387 2959 scilicet,
404 2897 500 2962 quarn
515 2875 665 2938 sustineri
681 2891 801 2962 queant
813 2875 952 2955 anobis,
967 2875 1049 2940 bella
1065 2875 1187 2939 minan-

130 2976 223 3039 mur?
235 2978 277 3040 At
292 2977 387 3039 nobis
403 2994 518 3064 praeter
530 2994 652 3040 veteres
668 2977 790 3064 copias,
806 2999 894 3039 arma
909 2977 1062 3064 virosque
1079 2977 1185 3040 omnis

129 3078 237 3141 ·ltalia
263 3078 505 3160 subministrat;
532 3078 714 3167 passimque
738 3078 1008 3142 concurrentibus
1030 3075 1070 3140 ad
1096 3077 1186 3165 signa

130 3180 271 3243 «civibus
288 3180 397 3261 novis,
418 3180 568 3244 cobortes
584 3180 681 3267 paulo
699 3179 807 3241 minus
826 3194 984 3242 trecentas
1006 3178 1184 3242 effecimus.

129 3281 217 3344 «line
234 3303 366 3362 sumus,
385 3296 442 3343 aut
456 3279 556 3344 videri
571 3281 738 3360 volumus,
754 3296 808 3360 ut,
826 3279 923 3342 tantis
937 3278 1087 3341 instructi
1101 3300 1188 3341 exer

130 3381 284 3462 -citibus,
300 3403 367 3444 non
383 3381 547 3470 pecuniae,
565 3404 632 3445 non
644 3397 843 3444 commeatus
859 3379 976 3469 indigi,
989 3380 1052 3443 boc
1064 3379 1185 3442 bellurn

130 3480 308 3544 «conficere
322 3480 549 3570 desperemus,
566 3482 628 3545 nisi
650 3483 780 3545 alterius
795 3481 914 3546 virtute
928 3498 1023 3568 atque
1034 3480 1187 3567 opinione

130 3581 362 3662 adjuvemur?
659 3630 663 3640 .

170 3684 338 3747 XXXVII.
358 3684 433 3746 «Sic
456 3706 604 3770 quoque,
629 3684 715 3747 bello
738 3681 977 3770 propemodum
1001 3679 1188 3768 prolligato,

129 3785 324 3871 1paucisque
345 3783 386 3846 ad
404 3807 563 3847 summam
580 3785 721 3849 victoriae
738 3784 888 3869 reliquis,
905 3783 1022 3844 horum
1039 3782 1187 3844 omnium

130 3886 281 3974 ·gloriam
295 3886 532 3971 arbitriumque
540 3886 662 3950 Marius
676 3886 792 3972 rapiet,
804 3884 995 3947 aemulorum
1007 3883 1188 3970 impatiens,
1205 3934 1209 3943 ,

130 3986 236 4073 ·quod
252 3988 389 4066 vitium,
404 4009 506 4073 quum
520 3987 579 4049 alia
594 3987 786 4053 minuantur
801 3985 910 4064 annis,
925 3984 958 4045 in
974 3998 1140 4047 senectute
1153 3981 1190 4046 fit

130 4088 298 4166 «validius,
313 4104 346 4150 ct
363 4087 421 4149 ubi
439 4087 479 4150 de
495 4088 640 4175 potentia
659 4087 783 4175 agitur,
800 4084 873 4149 fidei
887 4084 974 4148 haud
991 4107 1067 4147 saue
1084 4099 1188 4147 tenax.

130 4189 288 4272 «Quantis
314 4189 369 4252 ille
394 4188 632 4275 suspicionibus
657 4208 764 4274 nuper
788 4187 823 4250 P.
840 4186 997 4249 Rutilium
1023 4184 1190 4247 consulem

160 4398 176 4463 S
191 4401 299 4449 XXXV.
314 4397 395 4446 strab.
409 4398 488 4447 uuv.
497 4428 529 4436 --
540 4399 556 4464 5
567 4400 688 4447 XXXVI.
699 4398 731 4444 U.
741 4398 769 4445 C.
777 4398 829 4446 665
838 4415 845 4456 ;
855 4400 886 4445 A.
894 4399 922 4446 C.
934 4400 974 4457 ⁸7·
984 4424 1019 4434 -
1027 4395 1104 4444 Suub.
1115 4396 1192 4454 lib.V,

130 4498 152 4546 p.
165 4486 223 4540 alt.
236 4482 342 4535 -vslt
353 4483 391 4533 11.
402 4498 443 4530 ao.

900 4674 914 4705 Ι
