2670 5018
316 39 422 117 specie
449 30 668 94 multitudinis
693 30 822 95 illaturi.
850 33 933 95 Inerr

317 154 492 213 numerus,
518 156 654 222 magnus
673 133 881 214 Albicorum,
899 157 934 222 qr

314 234 406 315 lunt,
423 251 618 298 montanum
630 234 817 322 durumque
832 258 934 324 genus

315 336 398 399 Suos
413 359 545 424 quoque
560 360 669 401 servos
683 353 716 402 et
728 355 875 425 -pastorcs
889 340 925 402 L.

313 452 441 519 suerat,
457 438 484 501 si
500 437 585 502 bene
603 454 635 501 et
654 439 799 529 gnaviter
816 461 850 502 se
867 460 937 528 gere

358 539 433 605 XX.
458 542 575 604 Brutus
597 542 766 629 panciores
786 540 918 629 quidem

313 640 453 723 micres,
476 641 602 706 delecto
626 642 772 707 virorum
799 642 918 706 robore

310 742 504 808 fortissimos
524 766 562 808 ex
587 744 804 834 antesignanis
825 743 941 834 legioni

312 862 377 928 tes,
401 848 435 910 in
451 848 586 911 classem
601 848 812 935 imposuerat.
832 846 939 935 Igitur

310 964 343 1012 et
361 948 437 1036 quia
460 948 622 1013 celeritate
645 949 776 1013 navium
793 963 826 1012 et
841 962 908 1011 arte
925 968 943 1036 g

308 1064 380 1130 tur,
397 1048 538 1112 manicas
556 1065 589 1113 et
605 1071 708 1113 uncos
727 1064 944 1137 praepararunt

307 1150 495 1215 retinerent.
516 1150 764 1215 Massiliensium
781 1173 818 1214 ea
840 1150 923 1216 ratio
940 1166 945 1213 1

308 1252 476 1318 maritimis
501 1253 625 1317 artibus
650 1267 841 1335 uterentur3
869 1269 946 1342 quot

307 1356 403 1419 armis
429 1372 661 1419 montanorum
687 1354 841 1437 fiderent,
866 1356 923 1443 qui

304 1456 459 1521 Romanis
476 1471 578 1521 erant.
596 1458 700 1547 lgitur
720 1473 795 1545 post
813 1480 948 1545 acrem}

304 1556 407 1624 ferme
425 1582 568 1623 romanae
579 1580 693 1640 naves,
709 1558 795 1624 binis
810 1558 950 1624 hostilibr

304 1682 369 1747 que
385 1660 468 1725 latus
483 1660 691 1743 dimicarent;
706 1660 760 1725 hie
772 1684 890 1751 pugnae
902 1660 951 1725 sni

303 1760 453 1827 bicorum
467 1778 498 1827 et
515 1777 685 1851 pastorum
701 1762 818 1827 amisso
836 1785 952 1827 numer

303 1881 512 1951 caperentur,
528 1880 585 1929 aut
596 1864 859 1953 deprimerentur
871 1886 953 1929 nove

302 1963 347 2027 lio
374 1965 446 2053 (bis
473 1967 560 2029 enim
588 1983 768 2056 pugnatum
794 1982 843 2031 cst
865 1966 954 2031 classi

300 2066 512 2131 memoranda
535 2068 572 2132 C.
594 2068 686 2132 Acilii
708 2068 809 2132 virtus
831 2068 953 2133 exstitit
