2670 5018
320 786 375 855 IN
405 787 522 855 LOC.
548 786 643 856 le.
669 786 760 854 clx
789 786 1002 856 LIVlANl.
1125 783 1192 857 651

123 910 266 998 proentiis
276 909 312 972 in
322 907 444 972 urbano
457 909 521 972 otto
531 955 541 988 ,
561 905 791 994 tenentesque
803 919 835 970 et
848 905 1027 970 sacerdotiis
1030 904 1112 993 frui
1123 907 1200 972 desi

131 1009 269 1073 decorati.

175 1110 268 1174 Xlll.
286 1107 351 1174 Sed
366 1109 517 1173 astutiam
536 1107 604 1189 ejus
619 1109 718 1172 Curio
735 1108 897 1196 coarguit,
912 1107 1074 1195 siquidem
1090 1130 1131 1172 eo
1146 1132 1198 1174 es·

131 1229 182 1276 set
196 1211 324 1294 animo,
340 1209 448 1274 statim
469 1208 634 1298 deponere
649 1224 842 1298 potestatem
858 1207 995 1290 jubens,
1011 1230 1120 1296 neque
1135 1209 1200 1273 hoc

131 1335 243 1403 agere,
263 1329 316 1396 ut,
333 1312 404 1401 ipso
421 1310 584 1377 retinente
599 1310 790 1398 imperium,
806 1311 922 1375 Caesari
941 1333 1108 1376 successor
1124 1312 1198 1375 mit·

133 1430 246 1479 tatur:
265 1431 432 1503 postremo
453 1428 564 1502 aperte
584 1411 732 1476 invectus
753 1412 788 1475 in
808 1411 955 1499 Pompeii
972 1410 1201 1500 cupiditatem,

133 1506 196 1580 nisi
221 1538 311 1582 nunc
332 1532 424 1581 metu
447 1513 580 1579 Caesaris
607 1529 744 1604 cogatur
766 1513 801 1577 in
829 1512 1001 1593 ordinem,
1029 1535 1201 1600 nunquam

134 1616 252 1683 deinde
274 1617 440 1681 abiturum
466 1615 624 1704 imperio,
650 1614 827 1680 dictitabat.
854 1615 979 1681 Idcirco
1001 1616 1063 1679 sibi
1075 1614 1205 1704 placere

133 1719 261 1784 decerni
266 1766 276 1799 ,
297 1720 348 1784 uti
363 1719 457 1782 ambo
475 1716 574 1781 simul
588 1718 748 1806 accipiam
769 1738 974 1796 successores;
988 1718 1116 1806 atique,
1141 1719 1205 1782 ιιὶεἰ

134 1820 298 1885 voluntati
318 1836 442 1884 senatus
457 1821 643 1908 paruerint,
671 1818 772 1884 hostes
780 1817 990 1906 judictatum
1010 1818 1203 1906 lsgtcnesque

133 1921 313 1986 scribantur
328 1921 376 1984 ad
385 1920 511 1984 bellum.
527 1920 597 1984 Hac
611 1920 771 1984 sententia
786 1920 925 1985 maxime
943 1920 1022 1984 texit
1036 1919 1202 2002 fraudem,

135 2037 175 2086 ut
188 2021 354 2109 aeqtraliter
364 2020 525 2084 animatus
537 2019 572 2083 in
583 2035 775 2108 utrumque,
789 2043 897 2108 neque
907 2037 1036 2110 emptus
1049 2044 1066 2086 a
1080 2024 1204 2086 Casare

135 2121 333 2187 crederetur.
349 2122 391 2185 At
407 2120 584 2210 Pompeius
595 2142 695 2208 supra
709 2119 845 2185 modum
859 2120 1021 2204 irritatus,
1033 2144 1109 2187 cum
1121 2122 1205 2187 mul·

136 2223 177 2288 tis
194 2222 228 2287 in
244 2222 420 2287 Curionem
437 2220 550 2301 minis,
569 2219 612 2286 ad
628 2221 816 2287 suburbana
831 2222 949 2313 praedia
962 2245 997 2288 se
1013 2224 1144 2312 recepit.

181 2324 269 2388 xlv.
287 2323 425 2387 Senatus
437 2322 504 2402 jam
520 2336 699 2411 utrumque
710 2339 898 2411 suspectum
910 2324 1031 2390 babere
1042 2342 1204 2414 coeperat:

137 2424 367 2490 modestiorem
389 2440 497 2488 tamen
522 2424 714 2515 Pompeium
728 2425 911 2509 judicabat,
933 2443 983 2508 et,
1007 2451 1105 2515 quam
1121 2443 1206 2492 esset

137 2527 351 2614 contemptim
367 2528 520 2590 aGtesare
532 2526 824 2609 consulehahitus,
840 2527 1081 2594 recordabatur.
1098 2529 1206 2618 Igitur

137 2629 233 2693 multi
251 2651 289 2692 ea
304 2629 338 2691 in
357 2627 517 2692 sententia
533 2643 641 2711 erant,
657 2650 725 2691 non
743 2644 820 2692 ante
837 2627 1049 2694 dimittendos
1071 2653 1089 2694 a
1105 2629 1206 2693 Pom·

136 2730 212 2820 peio
235 2729 412 2810 exercitus,
435 2751 534 2817 qaum
559 2731 664 2793 Caesar
691 2728 858 2816 provincia
881 2727 1087 2813 decessisset,
1112 2729 1207 2810 cujus

137 2832 316 2896 absentiam
332 2847 364 2895 et
386 2831 518 2918 spiritus
536 2830 645 2895 minus
661 2828 770 2895 civiles
788 2830 1013 2896 vehementius
1032 2831 1206 2919 perhorre-

138 2935 281 3000 scebant.
294 2934 459 2998 Adversus
471 2932 533 2997 bos
547 2955 652 3021 quum
667 2930 847 3022 pugnando
863 2933 944 2996 nihil
960 2931 1088 2998 efficere
1106 2933 1208 2998 Curio

138 3052 266 3124 posset,
288 3057 332 3098 ne
356 3033 437 3122 quid
460 3034 543 3098 sorte
564 3050 678 3099 contra
698 3036 855 3099 &serem
879 3034 1123 3112 decerneretur,
1147 3057 1210 3122 pro

140 3135 309 3201 tribunitia
332 3149 492 3222 potestate
515 3150 664 3200 senatum
687 3133 819 3199 dimisit.
845 3137 931 3199 Tum
952 3136 1095 3222 primum
1122 3133 1209 3199 serio

140 3233 284 3300 doluisse
301 3234 495 3322 Pompeium
513 3233 644 3315 ferunt,
662 3235 752 3323 quod
772 3257 844 3300 eam
858 3251 1069 3323 potestatem,
1084 3258 1103 3299 a
1119 3235 1209 3300 Sulla

140 3333 379 3424 propemodum
396 3334 569 3415 abolitam,
587 3335 778 3405 restituendi
795 3351 908 3400 auctor
926 3337 1051 3401 luisset.

184 3438 258 3501 XV.
275 3437 365 3501 Nihil
378 3436 479 3525 igitur
496 3435 683 3518 decretum,
698 3437 760 3503 nisi
781 3435 926 3524 singulas
941 3437 1076 3525 legiones
1092 3459 1115 3500 a
1138 3435 1209 3502 θω-

140 3561 211 3603 sere
229 3553 261 3602 et
277 3537 425 3626 Pompeio
447 3541 481 3601 in
498 3538 624 3623 Syn'am
641 3538 689 3602 ad
706 3539 851 3604 Bibulm
867 3542 964 3620 nuits',
982 3553 1114 3628 propter
1126 3560 1209 3627 past·

141 3639 259 3704 tlu'cum
288 3637 404 3703 bellum
432 3637 637 3727 amplioribus
667 3643 763 3729 copiis
790 3655 943 3729 egeatem.
972 3643 1049 3707 Non
1078 3640 1209 3706 fallebat

142 3738 322 3821 Gnarem,
340 3739 405 3803 boc
422 3739 464 3803 ab
482 3738 621 3805 inimicis
641 3741 711 3832 agi,
735 3757 774 3806 ut
793 3741 920 3808 duabus
939 3743 1009 3832 ipse
1024 3743 1208 3833 legionibus

142 3841 360 3928 spoliaretur:
378 3841 501 3930 quippe
520 3842 713 3931 Pompeius,
736 3867 834 3933 qnam
851 3862 927 3934 post
945 3845 1065 3909 ‘liturii
1083 3844 1207 3910 cladem

141 3939 184 4006 ad
200 3942 357 4006 Caesarem
380 3943 529 4020 miserat,
551 3959 707 4032 tanquam
722 3967 763 4009 ex
784 3968 847 4011 suo
864 3967 1004 4010 numero
1020 3945 1128 4011 dabat.
1144 3946 1210 4011 Ta·

126 4064 219 4106 ‘men
245 4058 278 4106 et
301 4043 387 4108 hanc
410 4044 536 4109 remisit
563 4044 813 4129 incunctanter,
837 4062 934 4112 etex
962 4047 1031 4111 suis
1059 4048 1210 4135 quintam

143 4142 321 4227 decimam,
345 4168 445 4234 quam
469 4144 505 4209 in
536 4144 637 4212 Gallio
664 4147 813 4212 citeriore
836 4147 995 4213 babuerat
1020 4147 1210 4212 :militibus

142 4244 287 4312 ducenos
306 4247 555 4337 quinquagenos
576 4247 724 4314 denarios
747 4247 836 4314 dono
860 4248 960 4316 dedit.
982 4250 1052 4314 llos
1073 4248 1131 4337 qui
1153 4246 1210 4311 ad·

143 4347 320 4432 duxerant,
344 4347 421 4414 dolo
445 4372 487 4414 an
509 4350 643 4416 stultitia
667 4350 848 4434 incertum,
877 4353 959 4417 mire
984 4350 1210 4440 deprimebant

144 4448 323 4532 Qum,
346 4451 430 4515 nt'ltil
450 4474 488 4516 eo
510 4452 602 4540 apud
625 4455 799 4518 astudam
821 4452 957 4518 adrestas
978 4475 1064 4532 esse,
1092 4450 1212 4516 cunone

130 4544 1211 4644 fitemlabotum‚conspecmmpsm'ae,etabdsltnmdominm
