2670 5018
174 796 197 880 lt
351 798 417 865 JO.
446 795 787 865 FREINSHEMII
820 797 1069 865 SUPPLEM.

173 929 321 982 careatur
330 943 343 998 ‚·
364 921 437 981 ueri
454 921 554 996 circs,
572 914 768 1005 libertinique
787 915 1042 980 distribuerentur
1061 918 1095 979 iu
1113 919 1249 1004 qtuuque

173 1034 205 1083 et
217 1022 348 1105 triginta
367 1033 483 1082 veteres
506 1017 603 1081 tribus
614 1065 625 1095 ,
648 1030 698 1095 ct,
725 1016 818 1095 cujus
842 1015 941 1104 gratia
968 1031 1094 1078 caetera·
1107 1014 1247 1091 belant,

177 1122 212 1186 C.
226 1121 335 1184 Murio
351 1119 598 1183 uu'tlu'idutt'eum
613 1117 728 1182 bellum
741 1117 965 1181 decerneretur.

219 1224 308 1288 VIII.
326 1221 389 1287 Sed
407 1222 532 1286 exsules
549 1244 591 1284 ne
612 1219 866 1299 reducerentur,
885 1216 953 1308 ipse
971 1242 1077 1307 nuper
1092 1220 1248 1282 interces-

175 1340 260 1388 serat
279 1348 286 1389 :
306 1324 371 1403 jam
392 1325 561 1387 immutata
583 1323 770 1403 voluntate,
786 1323 884 1384 verba
904 1321 1082 1386 cavillando
1101 1319 1248 1385 eamdem

175 1428 278 1516 legem
299 1426 479 1503 referebat,
503 1448 568 1487 nou
590 1424 714 1489 exsules
735 1447 758 1487 u
776 1448 807 1488 se
829 1424 957 1506 reduci,
976 1425 1032 1487 sed
1050 1427 1088 1487 vi
1102 1424 1246 1513 rejectos,

174 1526 379 1591 dictitando:
397 1528 488 1613 quasi
506 1549 573 1589 non
591 1524 692 1589 iidem
709 1543 835 1606 essent,
857 1542 933 1590 ntro
955 1527 1088 1589 nomine
1108 1526 1249 1615 appella·

173 1645 308 1710 rentur;
325 1644 383 1691 aut
405 1629 498 1716 quasi
515 1626 556 1691 de
575 1628 734 1710 vocibus,
753 1650 820 1691 non
840 1625 881 1690 (le
897 1627 1014 1704 rebus,
1030 1625 1249 1690 controversia

176 1731 208 1794 in
226 1731 392 1819 republica
405 1746 500 1795 esset.
520 1730 703 1794 Libertinos
719 1746 847 1813 autem,
864 1731 968 1817 etqui
983 1729 1082 1794 modo
1099 1728 1140 1793 de
1154 1729 1249 1792 sociis

173 1834 249 1897 lacti
263 1833 347 1896 cives
360 1833 508 1912 fuerant,
526 1831 601 1896 ideo
617 1832 767 1896 distribui
786 1834 820 1896 in
836 1848 960 1896 veteres
977 1831 1082 1894 tribus
1100 1830 1248 1907 volebat,

176 1935 301 2023 utplus
318 1936 351 1997 in
372 1934 533 2022 sulliagiis
553 1933 683 1998 illorum
700 1934 827 1998 roboris
841 1949 945 1997 esset:
962 1933 1084 2020 quippe
1099 1932 1249 1995 homines

175 2036 302 2118 callidi,
319 2038 345 2100 si
363 2038 444 2117 hos,
461 2060 601 2101 numero
620 2036 784 2101 veteribus
800 2036 923 2099 civibus
938 2035 1030 2098 facile
1044 2034 1249 2122 superiores,

171 2139 245 2217 jure
257 2155 456 2226 oequassent,
471 2137 553 2204 nihil
565 2138 635 2202 lore
646 2139 891 2217 existimabant,
907 2135 996 2224 quod
1007 2136 1136 2200 illorum
1151 2158 1250 2224 opera

175 2260 243 2303 non
255 2248 525 2329 assequerentur,
543 2258 576 2306 et
590 2264 657 2329 quo
673 2241 800 2305 minore
812 2240 944 2329 negotio
960 2261 1028 2302 rem
1044 2238 1250 2327 perficerent,

175 2340 217 2405 de
233 2343 319 2407 bello
337 2343 558 2406 mithridatico
574 2343 698 2405 interea
713 2343 877 2405 silentium
895 2341 1043 2429 agebant.

220 2445 279 2508 IX.
305 2445 355 2508 Ne
372 2445 417 2507 sic
441 2459 549 2506 tamen
576 2460 686 2506 tenere
706 2445 911 2531 propositum
930 2456 1129 2530 potuerunt:
1147 2463 1251 2527 quum

176 2547 204 2608 ei
223 2546 384 2633 rogationi
400 2562 524 2608 veteres
541 2546 626 2607 cives
643 2545 818 2632 praelraetis
835 2545 950 2607 animis
966 2544 1171 2622 resisterent,
1190 2565 1252 2606 res-

176 2668 242 2734 que
265 2646 431 2710 interdurn
455 2645 494 2707 ad
520 2647 620 2710 fustes
643 2662 675 2708 et
699 2668 771 2708 saxa
797 2645 1014 2733 pervenisse-t,
1041 2645 1076 2706 L.
1102 2643 1190 2707 Sulla
1210 2643 1250 2706 ad

175 2771 272 2837 opem
289 2748 473 2835 reipublice
493 2747 678 2827 lerendam,
701 2748 742 2809 ab
761 2747 861 2810 Italici
879 2746 952 2808 b'elli
972 2745 1181 2808 conficiendis
1199 2767 1252 2807 re·

174 2849 299 2937 liqrriis,
314 2850 420 2913 alieno
435 2866 581 2937 tempore
595 2850 723 2913 avulsus
736 2865 793 2912 est.
805 2849 1025 2911 Vehementer
1039 2847 1126 2909 enim
1141 2848 1252 2910 accisa»

176 2953 339 3016 sociorum
361 2952 445 3015 vires
469 2967 570 3014 erant.
593 2952 790 3039 Lamponius
814 2967 942 3014 tantum
964 2966 996 3012 et
1016 2949 1159 3037 Cleptius
1175 2971 1250 3011 cum

176 3068 267 3141 parte
289 3055 497 3117 Lucanorum
523 3069 614 3116 erant
640 3055 672 3116 in
698 3054 815 3133 armis;
835 3054 1060 3138 Samnitesque
1082 3068 1115 3114 et
1135 3051 1251 3115 Sabelli

176 3153 294 3218 Nolam
310 3170 342 3216 et
357 3154 461 3217 vicina
478 3153 569 3216 Nolae
582 3155 776 3218 retinebant.
793 3156 897 3242 Igitur
911 3155 997 3217 Sulla
1010 3156 1174 3241 proiectus
1184 3154 1250 3233 jam

175 3254 217 3318 ad
237 3256 435 3334 exercitum,
462 3256 519 3342 qui
541 3255 658 3318 Nolam
685 3255 871 3336 obsidebat,
897 3256 1023 3337 luerat3
1049 3255 1253 3342 receptisque

176 3356 340 3443 plerisque
354 3356 438 3419 eirea
456 3356 628 3444 praesidiis,
646 3357 734 3421 baud
752 3359 867 3447 procul
884 3360 949 3421 fine
964 3358 1037 3422 belli
1056 3358 1175 3421 aberat.

220 3457 263 3520 X.
287 3455 350 3520 Sed
374 3458 501 3521 urbano
521 3459 666 3522 tumultu
684 3461 858 3540 excitatus,
877 3460 1017 3524 accurrit
1040 3462 1198 3539 Romam,
1216 3475 1252 3522 ut

176 3559 332 3647 collegam
346 3560 524 3625 tribunitiis
540 3561 707 3624 furoribus
724 3577 960 3650 repugnantem
975 3561 1150 3641 adjuvaret.
1166 3564 1253 3624 Con·

176 3660 248 3724 silio
266 3678 373 3724 tamen
397 3664 515 3752 magis,
540 3686 637 3750 quam
659 3663 806 3744 viribus,
823 3664 956 3753 grassari
974 3663 1111 3752 placuit,
1137 3684 1178 3725 ne
1194 3685 1251 3750 pa·

176 3762 244 3826 triae
258 3763 503 3828 incumbentem
518 3782 659 3853 pestem,
674 3766 700 3827 si
714 3788 802 3829 anna
819 3765 1071 3851 corripuissent,
1088 3765 1148 3827 alia
1163 3780 1253 3851 peste

174 3861 364 3928 viderentur
386 3868 550 3954 repellere.
576 3868 679 3956 Igitur
695 3868 822 3947 justitio
844 3868 877 3930 in
899 3867 967 3931 dies
989 3867 1252 3954 aliquammultos

175 3962 299 4029 indicto
314 3964 377 4028 boe
388 3967 544 4054 agebant,
555 3984 593 4030 ut
607 3968 737 4032 comitia
750 3969 934 4034 differendo
945 3970 1022 4057 legis
1035 3967 1252 4057 impediendae

175 4062 327 4129 idoneam
344 4065 484 4153 aliquam
501 4069 706 4132 occasionem
727 4086 855 4159 tempus
872 4088 1069 4160 suggereret.
1086 4074 1127 4135 Αῑ
1143 4071 1252 4158 Sulpi·

174 4167 262 4241 cius,
274 4166 400 4244 justitio
423 4170 527 4232 valere
547 4169 655 4251 jusso,
673 4194 750 4234 suos
771 4174 801 4234 in
824 4173 933 4234 lorum
950 4171 1084 4251 educit,
1101 4170 1251 4235 admoni-

209 4392 292 4459 §VIL
303 4395 367 4444 vell.
376 4398 413 4456 Il,
430 4400 470 4445 ¹8.
482 4425 517 4434 -
531 4400 624 4447 Ascon.
635 4402 661 4447 in
670 4401 770 4449 Corncl.
783 4430 815 4437 —
828 4404 882 4450 Liv.
893 4405 960 4469 Epit.
971 4432 1004 4440 -
1013 4403 1087 4451 Rbet.
1100 4403 1131 4450 ad
1141 4405 1249 4450 Herenn.

176 4481 213 4537 11,
229 4480 271 4527 28.
285 4506 318 4516 -
332 4480 349 4545 s
363 4483 409 4529 lx.
423 4482 455 4529 11.
471 4484 500 4531 C.
517 4483 583 4540 ⁶643
599 4487 628 4531 Α.
642 4484 670 4532 C.
687 4486 728 4534 88.
747 4513 782 4523 —
801 4487 908 4551 Appiae.
926 4488 981 4537 (liv.
999 4487 1042 4534 lib.
1061 4490 1079 4534 1.
1097 4515 1131 4522 -
1145 4485 1248 4534 Diodor.

174 4564 219 4614 lib.
231 4565 366 4613 xxxva.
380 4564 489 4613 -Vclb
501 4567 540 4623 u,
555 4581 593 4625 ¹7·
