2670 5018
332 706 386 772 IN
415 705 529 772 LOC.
557 705 648 771 LIB.
675 703 741 770 CX
770 704 985 771 LIVIANI.
1120 703 1190 776 685

125 824 229 887 uianis
244 837 483 911 comportatum
496 821 635 886 Ilerdam
654 823 774 902 luerat3
788 823 951 910 reliquum
970 825 1191 914 superioribus

124 922 238 988 diebus
251 924 351 1012 copias
363 924 495 987 Caesaris
507 923 763 1012 absumpserant.
777 927 820 988 At
831 925 979 989 hostibus
988 925 1190 992 frumentum

123 1042 198 1089 ante
217 1025 383 1115 provisum
403 1042 495 1090 erat:
514 1024 621 1090 adbuc
640 1025 785 1113 quotidie
802 1025 948 1115 undique
964 1029 1191 1115 comportaba-

125 1143 193 1208 tur;
210 1144 344 1215 eratque
360 1126 471 1215 pabuli
485 1144 518 1191 et
535 1150 645 1192 rerum
662 1129 810 1193 omnium
829 1152 945 1218 magna
964 1130 1072 1217 copia,
1089 1154 1191 1218 quum

124 1244 224 1316 ponte
240 1251 336 1292 saxeo
352 1227 393 1292 ad
409 1227 546 1292 Ilerdam
564 1251 677 1292 secure
693 1245 879 1312 uterentur,
899 1246 932 1294 et
943 1230 1015 1294 loca
1028 1244 1116 1295 trans
1130 1230 1193 1296 llu-

125 1353 199 1394 men
221 1331 364 1421 integra,
381 1353 447 1418 quo
466 1331 635 1418 pervenire
650 1332 754 1395 Caesar
771 1353 838 1394 non
857 1346 1000 1419 poterat,
1022 1331 1091 1396 sine
1108 1333 1194 1421 peri·

123 1432 198 1496 culo
211 1431 370 1495 haberent
381 1432 414 1495 in
427 1447 597 1520 potestate.
616 1431 742 1502 Idcirco
760 1433 883 1522 magnis
897 1432 931 1494 iu
947 1431 1193 1498 difficultatibus

123 1536 328 1615 Cesarerat,
355 1534 542 1621 multosque
564 1532 733 1598 amittebat
753 1531 917 1621 quotidie,
937 1533 993 1620 qui
1016 1533 1191 1621 pabulandi

123 1634 382 1699 frumentandire
403 1657 498 1698 causa
516 1635 695 1725 progressi,
714 1634 754 1697 ab
773 1634 924 1722 Hispanis
945 1634 1037 1698 facile
1053 1636 1193 1724 excipie-

123 1737 252 1801 bantur.
271 1736 406 1825 Hispani
423 1736 528 1817 enim,
546 1737 623 1825 quia
639 1737 709 1801 sine
726 1736 856 1800 utribus
874 1737 908 1799 iu
922 1736 1045 1800 bellurn
1060 1738 1107 1801 ire
1124 1760 1191 1802 non
1219 1786 1222 1793 ,

123 1854 378 1919 consueverant,
403 1837 438 1901 in
463 1837 524 1903 bos
545 1839 736 1903 vestimenta
757 1837 990 1919 conjiciebant,
1015 1839 1076 1928 ipsi
1098 1839 1194 1905 cetris

123 1941 297 2029 suppositis
309 1940 401 2005 facile
411 1940 609 2028 superabant
619 1939 764 2005 flumina.
777 1939 914 2026 Aliquot
924 1938 992 2003 dies
1005 1957 1195 2005 manserunt

122 2064 223 2129 aquae.
239 2042 301 2105 Per
314 2062 397 2128 quos
411 2041 619 2121 comitatum,
634 2042 743 2129 quiex
758 2039 860 2104 Gallia
870 2040 1022 2105 veniebat
1034 2040 1075 2104 ad
1089 2043 1193 2112 Caesa·

123 2165 207 2223 rem,
224 2143 376 2207 Afranius
397 2142 506 2206 subito
530 2164 718 2231 aggressus,
737 2140 909 2227 intercepit
925 2140 1107 2228 sagittarios
1123 2143 1192 2207 Ru·

124 2244 299 2308 tlrenorum
318 2244 445 2308 circiter
461 2243 639 2324 ducentos,
664 2266 740 2307 cum
761 2241 927 2330 equitibus
948 2242 1040 2332 gallis
1062 2244 1192 2332 paucis,

123 2368 225 2433 quum
242 2346 359 2434 reliqui
375 2347 408 2409 in
427 2362 555 2410 montes
570 2346 736 2433 proximos
752 2344 958 2432 refugissent.

165 2449 285 2512 XVIII.
304 2450 395 2512 Inter
407 2448 476 2512 haec
492 2448 732 2537 ingravescebat
748 2447 782 2510 in
798 2447 909 2511 castris
926 2448 1057 2511 Caesaris
1071 2447 1192 2530 fames,

122 2565 208 2612 tanta
221 2549 287 2628 jam
303 2550 433 2613 caritate
444 2571 597 2626 annonae,
610 2565 650 2612 ut
665 2548 805 2613 denariis
819 2549 1056 2638 quinquaginta
1072 2551 1105 2612 in
1123 2572 1193 2615 mo-

122 2648 194 2713 dios
222 2651 425 2713 frumentum
448 2665 621 2713 emeretur.
654 2651 732 2715 Haec
757 2672 861 2737 quum
888 2651 984 2714 etiam
1009 2648 1191 2733 iullatiora,

121 2773 218 2838 quam
245 2766 354 2832 erant,
378 2753 516 2816 Romam
537 2751 832 2839 perscriberentur,
855 2752 949 2816 multi
975 2776 1107 2835 eorum,
1134 2755 1192 2842 qui

121 2852 228 2918 adhuc
244 2853 277 2916 in
294 2854 384 2917 Italia
399 2853 575 2934 haeserant,
592 2852 632 2916 ad
646 2854 838 2942 Pompeium
853 2856 990 2943 profecti
1004 2873 1082 2919 sunt
1097 2879 1105 2921 :
1118 2856 1191 2932 alii,

121 2969 158 3015 ut
175 2955 335 3042 principes
358 2954 421 3018 hoc
443 2955 624 3042 perferrent
641 2955 816 3036 nuntium3
837 2955 907 3037 alii,
923 2979 965 3020 ne
986 2972 1061 3044 post
1077 2979 1191 3023 omnes

120 3057 246 3117 venisse
261 3053 459 3118 viderentur.
483 3058 528 3120 At
546 3056 668 3136 Coesar,
691 3056 811 3120 frustra
832 3059 949 3145 saepius
967 3074 1089 3122 tentata
1106 3082 1190 3146 pou·

122 3154 204 3219 tium
225 3154 477 3219 reficiendorum
495 3179 570 3243 spe,
595 3180 697 3244 quum
720 3158 830 3221 irritus
847 3158 916 3239 ejus
934 3175 1071 3223 conatus
1092 3182 1192 3246 aqua·

121 3280 195 3320 rum
209 3274 242 3321 et
257 3256 400 3320 bostium
414 3257 445 3320 vi
459 3255 664 3338 redderetur,
680 3280 777 3322 naves
791 3259 896 3322 facere
908 3258 1063 3340 instituit,
1080 3260 1190 3346 quales

121 3359 251 3423 Venetis
268 3381 305 3422 ac
319 3357 480 3422 britannis
497 3357 531 3420 in
548 3380 612 3421 usu
627 3374 722 3438 sunt,
737 3357 827 3423 Pado
842 3373 899 3423 aut
918 3358 997 3422 mari
1015 3360 1191 3449 stagnanti-

121 3461 192 3526 bus.
208 3461 332 3525 Carinae
343 3459 463 3524 fiebant
472 3483 511 3524 ex
523 3460 584 3524 levi
599 3460 748 3542 materia,
763 3459 925 3547 reliquum
938 3461 1191 3549 corpusvimini·

121 3564 183 3628 bus
209 3579 424 3644 contextum,
454 3563 549 3626 coriis
574 3561 787 3652 integebatur.
815 3563 880 3626 Has
908 3561 1028 3626 idoneo
1051 3585 1190 3629 numero

121 3665 285 3753 profectus
300 3667 405 3729 Caesar
418 3665 516 3728 carris
527 3664 647 3745 junctis
664 3681 765 3729 noctu
782 3663 823 3728 ad
838 3664 938 3729 millia
949 3687 1103 3753 passuum
1122 3665 1190 3733 duo

121 3784 154 3832 et
168 3768 282 3857 viginti
298 3791 316 3831 a
332 3767 443 3832 castris
457 3766 622 3855 deportat;
637 3767 748 3856 ibique
767 3765 907 3830 militurn
924 3767 1034 3854 aliquo
1050 3790 1188 3845 numero

121 3870 269 3952 trajecto,
293 3869 515 3933 continentem
534 3868 613 3956 'ripae
638 3870 752 3934 collem
774 3869 975 3952 communit,
996 3869 1186 3958 priusquam

120 3970 291 4035 adversarii
307 3995 375 4035 rem
392 3987 634 4061 cognoscerent.

165 4073 255 4137 XIX.
283 4075 331 4136 Eo
355 4088 466 4162 postea
488 4072 668 4139 transducit
693 4073 872 4164 legionem,
901 4088 934 4138 et
958 4089 1097 4162 utraque
1119 4075 1188 4163 ripa

121 4175 262 4262 potitus,
281 4193 415 4263 pontem
437 4175 506 4238 sine
527 4175 671 4240 molestia
688 4174 813 4264 perficit
836 4175 948 4240 biduo.
972 4176 1024 4241 Sic
1048 4175 1088 4240 ad
1111 4197 1187 4241 eunt

120 4276 331 4363 perveniunt,
350 4275 460 4363 quiex
476 4275 590 4365 gallico
609 4276 764 4342 comitatu
778 4293 964 4358 evaserant,
982 4278 1104 4366 quique
1119 4278 1188 4341 fru-

156 4487 171 4551 §
185 4490 279 4536 xvttt.
294 4488 358 4536 I‘lut.
370 4489 395 4535 in
406 4490 466 4537 Ces.
482 4517 511 4524 -
525 4488 590 4534 Flor.
604 4489 689 4548 1v‚2.
702 4516 736 4524 -
748 4490 810 4537 Cas.
825 4518 858 4525 -
871 4490 970 4537 ttiu-
980 4490 1070 4534 Lucan.
