2670 5054
322 708 375 778 IN
406 706 518 774 LOC.
546 707 637 774 LlB.
666 708 753 773 CXI
784 708 1002 776 LIVIANI.
1129 710 1198 805 739

132 827 223 893 bellac
239 828 392 892 damntw
409 826 621 905 senatoribus,
642 830 700 915 qui
718 829 753 889 in
770 825 851 890 bello
870 830 994 915 sequuti
1013 828 1197 920 Pompeium

133 946 245 1012 essent,
265 946 302 996 ut
317 931 357 994 de
373 929 502 994 illorum
516 952 614 993 causo
632 944 878 1018 cognoscerent:
897 932 1080 1021 rinamfore
1097 938 1198 1001 rabel.

132 1034 217 1115 lam,
232 1056 304 1122 quoe
321 1034 409 1096 omni
413 1030 558 1120 periculo
571 1030 743 1096 absolveret
751 1055 764 1109 ;
781 1032 915 1096 alteram
922 1081 933 1113 ,
954 1056 1027 1122 quoe
1034 1059 1097 1123 pro
1112 1039 1200 1106 hoste

133 1136 312 1200 habendum
328 1147 484 1221 censerem
502 1136 644 1213 tertiam,
662 1156 735 1220 quoe
749 1134 968 1199 mulctandum
981 1144 1131 1224 pecunia.

176 1237 261 1301 LIX.
279 1236 369 1301 Nihil
385 1236 504 1299 borum
524 1236 623 1298 latere
638 1236 795 1299 Caesarem
808 1251 934 1324 poterat
951 1262 959 1301 :
977 1239 1084 1329 itaque
1101 1244 1200 1309 simul

133 1339 210 1403 satis
231 1361 270 1402 ex
285 1338 394 1427 priore
410 1337 671 1400 consternatione
684 1358 760 1399 suos
774 1339 931 1424 recepisse
945 1340 1031 1403 visus
1045 1359 1110 1423 est,
1130 1367 1198 1408 nou

133 1439 326 1521 absistebat,
342 1439 422 1526 quin
438 1438 538 1526 copiis
555 1437 700 1525 quotidie
716 1437 883 1526 productis
899 1441 1066 1529 pugnandi
1082 1443 1201 1511 laceret

133 1556 350 1631 potestatem:
369 1539 468 1626 idque
486 1538 568 1603 adeo
588 1539 672 1602 inter
692 1539 782 1602 initia
798 1540 923 1603 cautius
937 1559 1063 1632 egerat,
1081 1543 1200 1611 deinde

134 1642 345 1708 confirmatus
364 1663 421 1721 co,
439 1639 529 1727 quod
547 1640 720 1727 Pompeius
739 1663 816 1703 suos
832 1641 916 1705 intra
933 1646 1132 1711 munitiones
1149 1665 1198 1712 te·

135 1743 252 1824 nebat,
269 1743 398 1830 longius
421 1764 439 1804 a
455 1741 521 1805 suis
537 1742 667 1822 castris,
685 1743 719 1805 in
734 1742 803 1806 loca
823 1742 910 1807 hosti
929 1747 1071 1831 aequiora
1086 1748 1199 1840 ‹legre-

135 1843 294 1909 diebatur.
314 1844 360 1906 Ea
373 1864 505 1930 quoque
527 1865 577 1906 res
598 1842 745 1907 accendit
766 1843 1039 1931 Pompeianorum
1056 1851 1200 1935 animos,

135 1946 193 2034 qui
206 1946 306 2009 ferme
320 1966 453 2024 omnes,
469 1965 655 2030 quanquam
669 1945 749 2008 alius
761 1946 819 2008 alia
833 1943 874 2008 de
888 1968 1000 2028 causa,
1024 1954 1200 2017 cunctatio·

135 2070 212 2112 nem
228 2046 373 2111 oderant.
395 2047 437 2108 At
458 2045 632 2133 Pompeius
649 2046 713 2109 hoc
730 2047 802 2134 ipso
823 2065 1015 2136 argumento
1033 2053 1199 2119 abstinen-

135 2149 216 2215 dum
232 2149 343 2238 praelio
356 2147 549 2227 disserebat,
566 2145 657 2233 quod
670 2163 853 2236 appareret,
871 2148 905 2211 id
915 2171 1122 2239 summopere
1134 2160 1201 2219 Cec-

134 2274 256 2333 sarem,
274 2267 428 2338 tanquam
445 2249 506 2312 sibi
521 2249 659 2312 maxime
677 2251 912 2331 necessarium,
929 2269 1088 2339 expetere.

179 2355 248 2418 Lx.
272 2353 464 2424 Postremo,
487 2373 591 2437 quum
616 2372 722 2436 neque
745 2350 875 2414 vincere
897 2374 1032 2417 suorum
1057 2358 1201 2442 animos,

135 2478 243 2543 neque
265 2455 349 2518 ferre
371 2451 525 2516 invidiam
548 2467 676 2541 posset,
697 2450 821 2531 abjecto
845 2453 964 2529 salubri
984 2459 1140 2541 consilio,
1162 2462 1204 2525 ad

135 2578 280 2646 pugnam
299 2576 463 2641 separare
482 2553 588 2642 coepit.
615 2552 719 2616 Multa
741 2569 813 2616 tum
836 2576 1074 2622 concurrerunt
1090 2562 1202 2626 incita·

135 2672 265 2738 menta,
285 2672 321 2719 ut
339 2677 487 2743 magnam
508 2676 622 2717 omnes
639 2655 781 2718 victoriae
801 2678 889 2742 spem
910 2660 1142 2749 ‹zoncipcrenn
1165 2666 1203 2727 li·

136 2759 231 2824 ducia
254 2759 288 2821 in
312 2756 454 2837 viribus,
480 2756 513 2819 iu
539 2756 753 2844 imperatore,
777 2757 810 2819 in
833 2781 950 2823 causa:
975 2779 1127 2849 praeterea
1153 2788 1202 2831 res

136 2862 210 2927 dum
226 2883 317 2925 novae
330 2859 491 2947 quantivis
506 2861 619 2947 utique
631 2861 807 2942 momenti;
824 2883 907 2941 una,
922 2863 1013 2949 quod
1027 2866 1201 2955 Pompeius
1243 2932 1247 2939 ,

136 2961 400 3041 confirmaverat,
414 2963 605 3048 priusquam
629 2963 696 3024 fere
717 2962 758 3024 ad
777 2984 892 3026 manus
912 2967 1093 3047 veniretur,
1113 2993 1203 3034 exer·
1282 3046 1288 3055 ¹

137 3063 239 3124 citum
263 3060 394 3121 Caesaris
410 3062 444 3121 in
462 3062 537 3147 luga
553 3061 643 3141 fore,
662 3080 831 3148 propterea
850 3064 939 3149 quod
956 3068 1102 3152 equites,
1121 3094 1204 3156 quo-

137 3183 211 3225 rum
229 3157 439 3223 multitudine
461 3158 668 3237 abundabat,
687 3160 747 3221 sibi
771 3163 981 3250 recepissent,
1002 3187 1037 3228 se
1052 3167 1203 3234 dextrum

136 3262 269 3328 Caesaris
298 3283 401 3324 cornu
429 3259 535 3324 statim
561 3260 655 3323 initio
682 3283 799 3350 pugnae
824 3262 1079 3332 circumdaturos
1105 3285 1204 3358 atquc

138 3365 325 3430 turbaturos
341 3385 429 3444 esse;
445 3363 560 3443 altera,
575 3361 664 3449 quod
679 3362 856 3443 Labienus,
872 3363 1111 3450 demonstrato,
1127 3394 1205 3458 prm·

137 3484 244 3533 sentes
269 3464 401 3530 Caesaris
428 3464 535 3552 copias
561 3486 709 3553 magnam
739 3480 863 3551 partem
889 3489 927 3529 ex
956 3468 1024 3531 aliis
1048 3471 1204 3538 militibus

138 3584 308 3649 constare,
331 3588 427 3654 quam
455 3567 511 3653 qui
535 3564 654 3629 Gallias
679 3565 902 3653 subegissent,
927 3567 961 3630 in
987 3586 1084 3657 caput
1106 3595 1203 3638 suum

138 3685 320 3736 exsecratus
344 3668 469 3747 fuerat,
492 3668 518 3730 si
541 3667 574 3729 in
599 3682 717 3748 castra,
740 3667 801 3729 uisi
823 3669 947 3748 victor,
971 3688 1204 3760 reverteretur,

138 3770 239 3859 idque
252 3768 480 3851 jusjurandum
498 3769 627 3855 sequuti
646 3766 764 3831 deinde
779 3790 893 3831 omnes
913 3786 1014 3834 erant.
1031 3775 1073 3838 Ae
1089 3776 1205 3857 Caesar,

138 3872 205 3935 sive
220 3894 279 3958 per
296 3870 513 3959 exploratores
529 3890 563 3931 re
579 3868 726 3958 cognita,
748 3870 814 3932 sive
836 3871 990 3959 praesagio
1013 3875 1133 3957 animi,
1152 3900 1205 3941 rc·

139 3973 259 4036 vocatis
280 3971 385 4035 tribus
409 3968 608 4059 legionibus,
625 3992 704 4056 quas
722 3970 953 4036 frumentatum
976 3975 1144 4058 emiserat,
1163 3978 1205 4043 de

140 4073 246 4139 media
267 4089 362 4138 noete
384 4095 473 4137 sacra
494 4071 590 4135 Marti
613 4087 645 4134 et
668 4072 786 4134 Veneri
808 4073 970 4138 Genetrici
993 4078 1086 4160 fecit,
1105 4101 1204 4165 quam

173 4286 293 4353 savin.
307 4288 369 4337 car„
389 4314 424 4323 -
443 4287 508 4335 erut.
528 4312 563 4323 -
583 4285 690 4351 Appon.
704 4314 739 4322 -
753 4286 805 4337 cte.
823 4286 854 4335 ao
869 4289 944 4336 aruc.
954 4290 1004 4345 xi,
1019 4292 1045 4337 o.
1061 4318 1095 4326 -
1111 4291 1204 4340 Julian}
1307 4270 1311 4277 “

140 4372 253 4422 ecum
270 4399 304 4409 -
315 4371 332 4436 5
345 4373 411 4420 ux.
425 4371 533 4436 Appiau.
545 4396 580 4407 -
598 4370 660 4419 Ces.
674 4397 709 4406 -
719 4370 783 4418 Plur.
798 4371 824 4419 in
839 4374 926 4437 Pomp.
944 4399 979 4409 —
994 4371 1011 4435 s
1028 4376 1080 4422 Lx.
1095 4376 1204 4439 Polyaen.

141 4457 214 4503 Strat.
223 4454 266 4504 lib.
272 4455 342 4503 vm.
354 4481 390 4492 -
402 4453 510 4519 Appias.
521 4481 554 4491 -
569 4455 659 4501 Lucan.
669 4456 733 4513 vll,
745 4456 778 4509 lb
790 4466 814 4503 et
825 4472 874 4519 seq.
885 4482 916 4493 -·
927 4456 988 4505 cm.

967 4553 1030 4645 lin·
