2670 5018
263 771 318 839 nt
348 771 460 840 noc.
489 772 583 840 mn.
610 712 809 842 ixxxrv
839 773 1051 842 nrvmnr.
1125 775 1188 866 ¹⁶7

129 891 233 973 dedit,
258 914 326 956 non
348 894 434 957 nasci
455 893 580 955 homini
600 893 697 981 longe
718 893 879 980 optimum
899 915 985 975 esse;
1007 894 1190 982 proximum

129 1009 257 1075 autem,
283 994 524 1081 quamprimum
554 995 656 1076 mori,
682 1017 780 1081 quant
808 1011 856 1058 est
881 995 1013 1082 plenum
1043 995 1192 1059 diabolici

131 1095 308 1174 mendacii,
326 1111 358 1158 et
374 1094 415 1158 ad
432 1094 686 1183 desperationem
700 1094 849 1183 adigendi
865 1095 992 1159 efficax!

174 1196 265 1257 XXI.
282 1192 345 1258 Sed
363 1212 395 1259 et
416 1196 482 1283 ipsa
498 1196 596 1259 Sileni
612 1212 759 1282 captura,
778 1218 876 1280 quam
896 1212 1041 1276 narrant,
1060 1199 1190 1285 magicis

131 1296 340 1377 caerimoniis,
358 1314 391 1360 et
405 1296 633 1360 sacrificiorum
647 1296 816 1360 imitationi
829 1297 974 1381 proxima
982 1311 1039 1360 est.
1053 1297 1191 1360 Fontem

132 1397 217 1460 enim
235 1396 344 1462 medio
365 1399 438 1461 loco
455 1399 553 1461 situm
570 1399 654 1461 inter
664 1397 796 1460 Paeonas
810 1413 907 1482 atque
921 1396 1034 1461 Medos
1047 1398 1124 1460 vino
1141 1397 1192 1460 di·

133 1498 226 1560 Iuissc
240 1497 389 1578 tradunt3
408 1515 447 1561 ut
460 1499 506 1562 sic
521 1499 612 1584 aquis
626 1499 671 1561 eis
687 1499 735 1561 uti
751 1498 863 1560 solitus
879 1496 1023 1579 Silenus,
1043 1521 1110 1561 uon
1126 1499 1192 1561 ani·

133 1596 298 1661 madrersa
306 1599 373 1661 vini
384 1598 514 1680 fraude,
528 1615 717 1686 caperetur:
735 1621 809 1662 nam
823 1615 856 1662 et
869 1599 938 1662 haec
952 1600 1037 1662 inter
1048 1616 1132 1663 artes
1144 1615 1193 1663 est

134 1701 254 1766 inimici
266 1705 414 1792 spiritus,
431 1721 468 1768 ut
483 1704 521 1767 iis
536 1705 632 1767 rebus
645 1705 746 1767 teneri
762 1727 796 1768 se
808 1726 903 1791 posse
919 1702 1037 1793 fingat,
1052 1726 1191 1792 quarum

134 1805 213 1867 nulli
225 1805 321 1869 haeca
334 1807 402 1868 Deo
420 1828 478 1893 per
492 1822 639 1868 naturam
658 1805 752 1867 insita
769 1805 901 1870 facultas
924 1820 990 1887 est;
1009 1827 1076 1891 quo
1091 1804 1191 1893 magis
1283 1852 1286 1857 -

135 1906 294 1968 temerarii
308 1907 455 1969 homines
472 1905 635 1968 erroribus
648 1921 679 1969 et
691 1905 918 1991 superstitione
932 1905 1046 1969 irretiti
1060 1908 1192 1993 capian-

136 2019 196 2068 tur.
223 2007 336 2093 Neque
353 2006 422 2069 haec
441 2007 544 2070 aliena
561 2022 652 2069 erant
671 2004 767 2069 Midae
788 2006 962 2086 institutis,
984 2029 1086 2092 quum
1108 2022 1192 2070 esset

135 2104 257 2192 Orphei
277 2107 515 2194 praestigiatoris
541 2105 734 2195 discipulus,
754 2106 937 2169 divitiarum
956 2123 989 2169 et
1004 2107 1094 2195 regni
1111 2108 1192 2171 nihil

135 2203 223 2269 adse
239 2207 428 2294 pertinentis
444 2208 582 2294 cupitor.

177 2307 285 2370 XXII.
303 2309 406 2396 Igitur
422 2331 482 2372 nec
495 2309 566 2372 illos
583 2309 766 2395 sequendos
781 2306 936 2390 arbitror,
954 2311 1010 2397 qui
1029 2311 1191 2391 Silenum,

137 2423 172 2470 ut
182 2408 243 2470 illis
256 2409 477 2495 temporibus,
495 2425 615 2473 naturae
632 2426 665 2473 et
677 2411 782 2473 omnis
795 2411 995 2497 antiquitatis
1012 2411 1193 2500 intelligen-

136 2507 295 2572 tissimum
315 2509 481 2573 hominem
502 2511 601 2573 fuisse
623 2513 902 2597 interpretantur:
921 2532 994 2573 nam
1017 2511 1100 2574 hanc
1119 2512 1194 2598 qui·

136 2608 207 2672 dem
227 2611 461 2699 expositionem
480 2613 588 2674 omnia
604 2612 689 2675 dicta
710 2611 911 2699 dicendaque
925 2611 1076 2675 refutant.
1093 2611 1193 2693 Quod

135 2712 161 2772 si
181 2710 265 2774 forte
283 2733 396 2774 rerum
418 2728 466 2775 est
486 2713 577 2799 (nam
598 2735 699 2800 penes
720 2731 885 2777 auctorem
908 2713 950 2776 sit
970 2711 1067 2797 fides)
1086 2712 1193 2800 quod,

137 2829 289 2900 regnante
304 2813 537 2893 Constantino,
554 2814 659 2876 visum
669 2810 868 2877 Alexandriae
877 2814 1028 2900 Satyrum
1039 2813 1195 2902 Hierony·

138 2933 206 2975 mus
226 2914 370 3001 scripsit,
389 2913 480 2992 cujus
499 2915 594 2977 etiam
616 2914 761 2978 defuncti
780 2915 896 3001 pellem
917 2912 1096 2977 Antiochiae
1117 2937 1191 3001 spe·

137 3014 227 3077 morit
244 3014 438 3102 imperator3
458 3038 533 3078 eum
552 3013 683 3102 quidem
702 3031 923 3079 monstrosum
946 3014 1043 3077 sitisse
1063 3030 1192 3101 partum

137 3114 291 3193 arbitror,
316 3115 372 3201 qui
393 3116 501 3202 potuit
518 3137 557 3178 ex
573 3116 686 3179 tabella
709 3117 785 3204 picti
802 3116 905 3202 Satyri
922 3138 988 3178 non
1007 3114 1099 3177 aliter
1121 3137 1193 3177 mo·

137 3213 216 3277 risse
232 3214 484 3304 imaginatrieem
507 3215 690 3279 facultatem
710 3215 864 3304 gravidae,
883 3237 982 3303 quam
1002 3215 1064 3277 fuit
1082 3215 1115 3276 in
1133 3215 1193 3278 itlis

138 3316 324 3380 mulieribus
345 3317 483 3398 factum,
500 3340 571 3405 quae
594 3317 775 3380 secundum
796 3317 919 3380 tabulas
935 3316 1051 3402 pictas,
1071 3338 1142 3400 quae
1161 3316 1194 3378 in

137 3417 235 3481 cubili
248 3434 340 3481 erant
355 3419 478 3500 locotae,
492 3419 587 3480 foetus
603 3433 660 3479 aut
675 3430 841 3480 venustate
857 3416 1049 3502 praecipnos,
1068 3429 1126 3475 aut
1140 3412 1196 3475 de·

138 3516 297 3582 Iorrnitate
313 3519 454 3607 insignes
471 3517 654 3582 ediderunt.

180 3621 303 3684 XXIII.
321 3619 385 3684 Sed
402 3620 454 3683 ille
469 3620 623 3682 nimirum
639 3618 788 3704 Satyrus,
807 3637 913 3701 neque
930 3614 1037 3701 liogua
1054 3614 1195 3676 humana

139 3743 229 3801 usus,
247 3743 354 3808 neque
373 3721 435 3784 tale
447 3720 643 3808 quidquam,
660 3717 750 3805 quod
768 3718 833 3780 suis
843 3715 977 3800 Antiqui
993 3714 1195 3794 tribuerunt,

138 3822 247 3885 fecisse
261 3820 409 3885 traditur.
430 3819 715 3901 Quemadmodum
737 3819 818 3881 intra
837 3816 897 3879 hos
917 3813 1076 3878 ducentos
1092 3837 1195 3878 annos

136 3923 303 4009 superiore
316 3922 427 3986 seculo
442 3923 492 3984 vir
508 3924 595 3985 ferus
607 3922 640 3983 in
661 3920 737 3983 silva
753 3920 785 3983 S.
798 3915 951 3982 Germani
965 3938 1066 4002 prope
1082 3916 1197 3979 Villio·

71 4101 74 4106 .
137 4045 206 4110 gam
219 4021 380 4110 oppidum
395 4022 491 4085 fuisse
506 4028 721 4100 memoratur,
740 4018 940 4083 consortium
957 4017 1130 4080 hominum
1146 4018 1198 4081 Iu·

136 4123 243 4210 gieus,
262 4120 420 4209 nudoque
436 4144 571 4210 corpore
583 4144 642 4207 per
655 4135 795 4183 aestatem
807 4142 843 4182 ac
858 4118 1018 4196 hiemem,
1037 4115 1197 4180 radicibus

168 4295 184 4360 S
196 4297 256 4344 XX.
267 4296 331 4344 rttn.
342 4297 467 4354 XXXIII,
481 4311 502 4344 r.
516 4322 552 4333 -
567 4294 654 4343 AEiian.
665 4323 699 4331 —
709 4294 838 4358 Angustia.
849 4293 879 4340 de
889 4292 943 4342 (Σίν.
956 4292 1017 4347 Dei,
1027 4291 1103 4343 vttt,
1118 4298 1199 4343 rt.-

138 4379 237 4427 Atistot.
255 4377 326 4443 apud
342 4376 406 4426 Plut.
423 4377 454 4426 de
470 4378 565 4426 consol.
582 4377 614 4424 ad
628 4378 744 4442 Apollon.
761 4405 795 4415 -
809 4379 861 4426 cte.
870 4378 943 4424 Tusc.
954 4377 981 4432 1,
996 4375 1037 4429 48.
1051 4400 1085 4409 -
1100 4373 1199 4437 §XXL

137 4462 200 4511 liu.
207 4463 315 4528 Tyrius,
324 4460 384 4508 diss.
395 4462 436 4510 30.
443 4489 477 4499 -
485 4462 502 4527 s
512 4464 596 4510 xxti.
606 4462 692 4511 Conon
703 4461 768 4526 apud
779 4461 849 4509 Phot.
858 4487 889 4496 -
897 4460 970 4505 Voss.
981 4456 1071 4504 Idolol.
1082 4460 1105 4511 Ι.
1115 4470 1156 4500 ar.
1165 4478 1200 4490 -·

138 4545 236 4594 Hieron.
248 4547 275 4592 in
286 4548 337 4593 viu
346 4545 439 4601 Paulli.
453 4563 478 4610 p.
490 4562 532 4604 7¹¹
905 4595 908 4600 ,

970 4633 1025 4675 II).
