2670 5018
50 9 1292 383 u

143 789 188 861 28
315 791 383 858 JO.
411 784 755 862 FREINSHEMII
784 790 1031 885 SUPPLEM.

141 913 259 978 insevit
271 914 358 976 Deus
372 934 380 976 ε
396 926 429 974 at
442 909 608 995 homines,
622 912 672 976 his
686 912 898 999 contemptis,
909 911 951 976 ad
964 913 1117 1000 quaelibet
1129 916 1186 978 alia
1199 964 1207 995 ,

142 1038 215 1102 quae
232 1012 386 1102 deceptor
406 1028 505 1100 atque
524 1011 681 1100 deceptus
705 1015 833 1078 animus
859 1016 1018 1104 suggerit,
1044 1016 1209 1081 lubentius

143 1131 311 1180 exerrant:
326 1131 359 1178 et
372 1135 475 1201 quum
488 1112 530 1179 de
545 1130 661 1180 coetero
675 1116 837 1180 absonum
849 1129 947 1203 atque
961 1115 1135 1206 indignum
1150 1141 1210 1206 pu·

145 1233 233 1299 tent,
247 1237 366 1303 pueros
380 1216 536 1302 sapientia
550 1237 618 1281 non
628 1217 776 1298 vincere,
787 1218 822 1280 in
842 1216 940 1280 rebus
953 1217 1051 1307 longe
1063 1219 1209 1282 maximis

143 1317 178 1382 id
197 1317 297 1381 modo
314 1318 480 1404 pueriliter
501 1334 724 1410 anteponunt,
741 1317 832 1408 quod
854 1319 888 1382 in
909 1320 1079 1407 prasentia
1091 1319 1210 1400 jucun·

142 1416 312 1481 dissimum
326 1417 484 1482 videatur.
496 1419 583 1507 Ergo
599 1435 632 1483 et
646 1420 732 1484 inter
740 1441 934 1510 magnorum
944 1419 1104 1485 bellorum
1119 1422 1210 1486 initia

142 1518 357 1607 deprehensi,
375 1542 415 1584 eo
431 1520 625 1609 plerumque
640 1521 814 1602 inclinant,
840 1520 929 1584 unde
944 1543 1083 1610 praesens
1102 1523 1209 1610 aliqua

142 1620 225 1686 lucri
238 1645 311 1710 spes
328 1621 481 1710 affulget3
503 1638 552 1703 et,
567 1620 648 1686 dum
664 1622 762 1703 hujus
777 1623 955 1710 potiantur,
966 1623 1014 1686 fas
1028 1621 1209 1711 fidemque,

44 1797 46 1802 ,
142 1740 175 1788 et
188 1724 215 1787 si
228 1746 300 1810 quae
311 1724 371 1786 alia
382 1722 583 1810 praefer'enda
594 1723 750 1787 omnibus
760 1740 867 1807 crant,
880 1745 940 1812 pro
955 1723 1058 1789 nihilo
1071 1723 1207 1789 ducunt.

185 1826 256 1889 XV.
280 1825 395 1913 Neque
411 1825 492 1889 milti
510 1825 625 1913 aliquis
648 1826 849 1915 Saguntum,
867 1840 900 1889 et
915 1840 1070 1913 praeterea
1088 1848 1209 1913 paucos

139 1926 308 2009 objecerit,
326 1929 384 2015 qui
400 1948 461 2014 pro
482 1925 546 1991 fide
563 1940 708 1996 extrema
724 1949 863 2015 quaeque
888 1927 1081 2015 perferendo
1103 1927 1209 2015 perie-

141 2044 230 2091 runt.
248 2030 359 2118 Longe
375 2027 477 2108 major
491 2051 606 2094 eorum
623 2045 673 2093 cst
685 2051 865 2110 numerus,
882 2051 965 2117 quos
981 2027 1122 2118 perdidit
1135 2051 1209 2116 per-

143 2127 240 2194 fidia:
258 2147 291 2194 et
306 2146 433 2210 tamen,
449 2130 476 2194 si
490 2153 548 2219 par
560 2131 711 2194 omnium
728 2146 865 2195 eventus
882 2129 1012 2205 fuisset,
1027 2129 1142 2217 ingens
1158 2129 1210 2192 in·

146 2244 195 2294 ter
215 2248 371 2319 utrosque
390 2230 566 2295 discrimen
586 2232 771 2297 communis
795 2231 957 2295 inveniret
973 2253 1103 2311 sensus,
1120 2230 1208 2318 quod

143 2331 233 2394 altari
261 2332 445 2418 perierunt,
472 2348 505 2396 et
529 2332 724 2414 laudantur;
748 2333 838 2396 alteri
864 2355 926 2396 nec
955 2331 1150 2412 laudantur,
1178 2349 1210 2394 et

142 2434 319 2521 perierunt.
338 2433 402 2498 Sed
418 2434 516 2515 bene,
531 2433 623 2522 quod
638 2435 773 2498 meliora
789 2435 983 2526 plerumque
1000 2435 1146 2522 exempla
1164 2436 1210 2496 fe-

141 2535 193 2598 lici
212 2536 300 2599 exitu
321 2535 455 2599 donavit
469 2538 575 2618 Deus3
592 2553 647 2618 ut,
663 2537 784 2624 quibus
801 2537 869 2601 haec
887 2536 1087 2612 offeruntur,
1104 2536 1131 2599 si
1151 2559 1209 2600 sua

139 2654 256 2723 sponte
273 2637 451 2701 honestum
468 2660 574 2702 amare
589 2639 714 2720 nolint,
736 2639 848 2702 saltem
865 2636 1009 2700 utilitatis
1026 2659 1122 2702 causa
1143 2654 1210 2701 tur·

140 2737 324 2823 pitudinem
341 2740 495 2803 vitiorum
512 2742 603 2827 sequi
621 2741 800 2806 dediscant.

185 2840 497 2905 >tvistandands
512 2843 608 2905 etiam
623 2842 699 2906 belli
716 2841 843 2907 casibus
860 2843 928 2906 haec
944 2842 1120 2930 approbata
1137 2865 1210 2906 sen-

140 2941 239 3003 tentia
263 2957 331 3023 est;
351 2966 418 3028 quo
443 2959 564 3007 caeteras
587 2944 731 3009 civitates
756 2944 855 3020 Asiae,
882 2959 1058 3033 postquam
1086 2945 1208 3032 pontici

139 3041 222 3127 regis
238 3064 333 3105 causa
349 3043 451 3106 multa
468 3043 605 3109 nefanda
620 3045 785 3127 lecerunt,
803 3046 843 3109 ab
858 3045 914 3108 illo
930 3046 1073 3134 primum
1094 3046 1209 3109 miscr-

140 3142 221 3204 rime
244 3159 382 3225 vexatae,
402 3144 520 3208 deinde
537 3169 554 3209 a
574 3146 752 3210 victoribus
769 3147 908 3235 graviter
931 3146 1093 3209 mulctata
1114 3162 1209 3221 sunt;

138 3244 286 3308 Rhodios
300 3261 398 3332 atquc
415 3246 598 3335 Magnetas,
617 3263 649 3310 et
661 3247 702 3310 ab
717 3247 810 3310 hoste
827 3260 916 3309 tutos
932 3245 1053 3324 virtus,
1072 3260 1104 3307 et
1122 3244 1209 3333 apud

139 3347 297 3433 populum
311 3370 484 3411 romanum
498 3347 577 3412 fides
588 3371 679 3413 caros
695 3348 939 3433 honoratosque
954 3347 1120 3434 praestitit:
1135 3369 1209 3408 nam

141 3446 279 3529 Rhodii,
292 3449 453 3514 moenibus
465 3450 694 3539 portubusque
710 3448 939 3528 communitis,
951 3448 1116 3511 machinas
1132 3447 1210 3511 locis

140 3548 335 3635 opportunis
352 3549 538 3637 frequentes
554 3563 797 3637 opposuerunt,
817 3571 835 3611 a
849 3548 1120 3613 Telmissensibus
1138 3549 1210 3637 qui·

144 3648 282 3712 busdam
299 3666 332 3713 et
350 3652 454 3738 Lyciis
470 3650 582 3731 adjuti.
606 3651 829 3720 Romanorum
855 3648 952 3712 etiam
970 3650 1137 3744 omnium,
1155 3650 1211 3736 qui

140 3748 240 3811 vitare
270 3749 493 3816 crudelitatem
517 3751 731 3815 Asiaticorum
751 3764 949 3839 potuerunt,
976 3750 1127 3836 interque
1155 3774 1211 3814 eos

143 3851 179 3913 L.
194 3851 316 3928 Cassii,
334 3853 390 3938 qui
404 3853 580 3940 proconsul
597 3870 665 3917 erat
678 3853 777 3934 Asiae,
797 3869 946 3941 receptus
961 3850 1033 3914 fuit.

184 3951 288 4016 XVll.
323 3954 364 4015 At
383 3952 602 4037 Mithridates,
622 3956 771 4019 instituta
795 3956 830 4018 in
859 3958 964 4019 Coum
989 3953 1211 4041 navigatione,

142 4069 293 4142 prompte
314 4069 482 4141 susceptus
501 4056 541 4119 ab
558 4056 747 4145 oppidanis,
768 4055 959 4134 Alexandri,
977 4055 1034 4143 qui
1054 4078 1160 4143 nuper
1178 4057 1209 4117 in

39 4245 41 4248 ι
144 4153 289 4243 AEgypto
308 4171 510 4244 regnaverat,
526 4156 628 4221 filium
645 4158 800 4240 abduxit,
819 4159 974 4247 regioque
994 4180 1104 4221 secum
1120 4160 1210 4221 cultu

141 4254 266 4321 habuit.
291 4256 352 4320 Sed
370 4280 409 4319 ex
425 4256 602 4341 thesauris,
615 4283 697 4347 qnos
715 4260 834 4325 ibidem
850 4261 919 4324 avia
934 4262 1024 4348 pueri
1041 4261 1209 4349 Cleopatra

144 4374 310 4445 posuerat,
335 4381 466 4446 magnas
492 4382 587 4448 opes,
614 4362 843 4450 mundumque
866 4363 1076 4440 muliebrem,
1096 4377 1126 4424 et
1151 4362 1210 4424 alia

176 4551 191 4613 S
207 4553 275 4598 xvt.
289 4552 395 4614 Appian.
407 4554 520 4603 Mittit-id.
