<?xml version="1.0" encoding="UTF-8"?>
<!DOCTYPE html PUBLIC "-//W3C//DTD XHTML 1.0 Transitional//EN"
    "http://www.w3.org/TR/xhtml1/DTD/xhtml1-transitional.dtd">
<html xmlns="http://www.w3.org/1999/xhtml" xml:lang="en" lang="en">
 <head>
  <title>
</title>
<meta http-equiv="Content-Type" content="text/html;charset=utf-8" />
  <meta name='ocr-system' content='tesseract 3.04.00' />
  <meta name='ocr-capabilities' content='ocr_page ocr_carea ocr_par ocr_line ocrx_word'/>
</head>
<body>
  <div class='ocr_page' id='page_1' title='image "./titusliviuspata01freigoog_0159.png"; bbox 0 0 2670 5018; ppageno 0'>
   <div class='ocr_carea' id='block_1_1' title="bbox 14 31 778 180">
    <p class='ocr_par' dir='ltr' id='par_1_1' title="bbox 14 31 778 180">
     <span class='ocr_line' id='line_1_1' title="bbox 52 31 778 79; baseline 0 -27"><span class='ocrx_word' id='word_1_1' title='bbox 52 43 74 53; x_wconf 73' lang='grc'><strong>..</strong></span> <span class='ocrx_word' id='word_1_2' title='bbox 97 43 117 52; x_wconf 69' lang='grc' dir='ltr'><strong>ι.</strong></span> <span class='ocrx_word' id='word_1_3' title='bbox 131 41 262 70; x_wconf 67' lang='lat' dir='ltr'><strong>numana,</strong></span> <span class='ocrx_word' id='word_1_4' title='bbox 277 35 528 78; x_wconf 61' lang='lat' dir='ltr'><strong>unuunbumvbul</strong></span> <span class='ocrx_word' id='word_1_5' title='bbox 543 38 551 71; x_wconf 62' lang='lat'>²</span> <span class='ocrx_word' id='word_1_6' title='bbox 563 34 619 54; x_wconf 70' lang='lat' dir='ltr'><strong>(uu</strong></span> <span class='ocrx_word' id='word_1_7' title='bbox 630 31 778 79; x_wconf 61' lang='lat' dir='ltr'><strong>uafbdbbl!</strong></span> 
     </span>
     <span class='ocr_line' id='line_1_2' title="bbox 14 94 758 180; baseline 0 -25"><span class='ocrx_word' id='word_1_8' title='bbox 14 111 86 180; x_wconf 88' lang='lat' dir='ltr'><strong>post</strong></span> <span class='ocrx_word' id='word_1_9' title='bbox 105 111 153 156; x_wconf 84' lang='lat' dir='ltr'><strong>tot</strong></span> <span class='ocrx_word' id='word_1_10' title='bbox 175 95 322 155; x_wconf 86' lang='lat' dir='ltr'><strong>onmium</strong></span> <span class='ocrx_word' id='word_1_11' title='bbox 345 109 528 178; x_wconf 83' lang='lat' dir='ltr'><strong>temporum</strong></span> <span class='ocrx_word' id='word_1_12' title='bbox 548 94 758 173; x_wconf 85' lang='lat' dir='ltr'><strong>documenta,</strong></span> 
     </span>
    </p>
   </div>
   <div class='ocr_carea' id='block_1_2' title="bbox 7 195 778 279">
    <p class='ocr_par' dir='ltr' id='par_1_2' title="bbox 7 195 778 279">
     <span class='ocr_line' id='line_1_3' title="bbox 7 195 778 279; baseline -0.001 -24"><span class='ocrx_word' id='word_1_13' title='bbox 7 218 67 255; x_wconf 72' lang='lat' dir='ltr'><strong>tres</strong></span> <span class='ocrx_word' id='word_1_14' title='bbox 80 220 198 271; x_wconf 67' lang='lat' dir='ltr'><strong>aturrus,</strong></span> <span class='ocrx_word' id='word_1_15' title='bbox 217 211 247 255; x_wconf 82' lang='lat' dir='ltr'><strong>ct</strong></span> <span class='ocrx_word' id='word_1_16' title='bbox 266 218 324 279; x_wconf 74' lang='lat' dir='ltr'><strong>rgo</strong></span> <span class='ocrx_word' id='word_1_17' title='bbox 339 196 448 272; x_wconf 71' lang='lat' dir='ltr'><strong>vobis,</strong></span> <span class='ocrx_word' id='word_1_18' title='bbox 466 211 496 255; x_wconf 78' lang='lat' dir='ltr'><strong>ct</strong></span> <span class='ocrx_word' id='word_1_19' title='bbox 513 219 568 256; x_wconf 81' lang='lat' dir='ltr'><strong>vus</strong></span> <span class='ocrx_word' id='word_1_20' title='bbox 587 196 663 256; x_wconf 86' lang='lat' dir='ltr'><strong>milti</strong></span> <span class='ocrx_word' id='word_1_21' title='bbox 680 195 778 256; x_wconf 77' lang='lat' dir='ltr'><strong>tlcdist</strong></span> 
     </span>
    </p>
   </div>
   <div class='ocr_carea' id='block_1_3' title="bbox 4 296 778 381">
    <p class='ocr_par' dir='ltr' id='par_1_3' title="bbox 4 296 778 381">
     <span class='ocr_line' id='line_1_4' title="bbox 4 296 778 381; baseline 0 -26"><span class='ocrx_word' id='word_1_22' title='bbox 4 320 38 355; x_wconf 74' lang='lat' dir='ltr'><strong>llS</strong></span> <span class='ocrx_word' id='word_1_23' title='bbox 56 313 152 381; x_wconf 68' lang='lat' dir='ltr'><strong>tthtte</strong></span> <span class='ocrx_word' id='word_1_24' title='bbox 172 296 331 356; x_wconf 71' lang='lat' dir='ltr'><strong>l‘illlll‘lllllS</strong></span> <span class='ocrx_word' id='word_1_25' title='bbox 350 312 396 355; x_wconf 67' lang='lat'><strong>(¹51</strong></span> <span class='ocrx_word' id='word_1_26' title='bbox 414 313 547 356; x_wconf 76' lang='lat' dir='ltr'><strong>mutuus</strong></span> <span class='ocrx_word' id='word_1_27' title='bbox 568 320 675 375; x_wconf 76' lang='lat' dir='ltr'><strong>antor,</strong></span> <span class='ocrx_word' id='word_1_28' title='bbox 693 313 728 355; x_wconf 83' lang='lat' dir='ltr'><strong>lll</strong></span> <span class='ocrx_word' id='word_1_29' title='bbox 749 320 778 355; x_wconf 90' lang='lat' dir='ltr'><strong>lll</strong></span> 
     </span>
    </p>
   </div>
   <div class='ocr_carea' id='block_1_4' title="bbox 0 396 786 2194">
    <p class='ocr_par' dir='ltr' id='par_1_4' title="bbox 0 396 783 1494">
     <span class='ocr_line' id='line_1_5' title="bbox 8 396 777 484; baseline 0 -26"><span class='ocrx_word' id='word_1_30' title='bbox 8 396 199 484; x_wconf 83' lang='lat' dir='ltr'><strong>ogitandum</strong></span> <span class='ocrx_word' id='word_1_31' title='bbox 214 397 423 482; x_wconf 83' lang='lat' dir='ltr'><strong>reliqueritis,</strong></span> <span class='ocrx_word' id='word_1_32' title='bbox 441 419 538 482; x_wconf 84' lang='lat' dir='ltr'><strong>quam</strong></span> <span class='ocrx_word' id='word_1_33' title='bbox 559 396 777 482; x_wconf 87' lang='lat' dir='ltr'><strong>quemadmod</strong></span> 
     </span>
     <span class='ocr_line' id='line_1_6' title="bbox 0 496 780 576; baseline 0.008 -23"><span class='ocrx_word' id='word_1_34' title='bbox 0 496 92 575; x_wconf 92' lang='lat' dir='ltr'><strong>timi</strong></span> <span class='ocrx_word' id='word_1_35' title='bbox 102 496 250 560; x_wconf 87' lang='lat' dir='ltr'><strong>omnium</strong></span> <span class='ocrx_word' id='word_1_36' title='bbox 261 497 398 576; x_wconf 88' lang='lat' dir='ltr'><strong>estis,ita</strong></span> <span class='ocrx_word' id='word_1_37' title='bbox 408 497 609 561; x_wconf 87' lang='lat' dir='ltr'><strong>beatissimos</strong></span> <span class='ocrx_word' id='word_1_38' title='bbox 619 497 780 561; x_wconf 38' lang='lat' dir='ltr'><strong>omniumr</strong></span> 
     </span>
     <span class='ocr_line' id='line_1_7' title="bbox 1 598 779 686; baseline -0.003 -24"><span class='ocrx_word' id='word_1_39' title='bbox 1 600 29 662; x_wconf 91' lang='lat'><strong>1.</strong></span> <span class='ocrx_word' id='word_1_40' title='bbox 52 600 175 662; x_wconf 82' lang='lat' dir='ltr'><strong>«Erant</strong></span> <span class='ocrx_word' id='word_1_41' title='bbox 195 620 282 677; x_wconf 88' lang='lat' dir='ltr'><strong>mea,</strong></span> <span class='ocrx_word' id='word_1_42' title='bbox 306 620 366 661; x_wconf 85' lang='lat' dir='ltr'><strong>nec</strong></span> <span class='ocrx_word' id='word_1_43' title='bbox 389 599 477 662; x_wconf 88' lang='lat' dir='ltr'><strong>enim</strong></span> <span class='ocrx_word' id='word_1_44' title='bbox 496 621 578 662; x_wconf 84' lang='lat' dir='ltr'><strong>vana</strong></span> <span class='ocrx_word' id='word_1_45' title='bbox 599 598 668 662; x_wconf 83' lang='lat' dir='ltr'><strong>haec</strong></span> <span class='ocrx_word' id='word_1_46' title='bbox 690 613 739 662; x_wconf 88' lang='lat' dir='ltr'><strong>est</strong></span> <span class='ocrx_word' id='word_1_47' title='bbox 758 621 779 686; x_wconf 83' lang='lat' dir='ltr'>g</span> 
     </span>
     <span class='ocr_line' id='line_1_8' title="bbox 8 698 780 788; baseline -0.001 -26"><span class='ocrx_word' id='word_1_48' title='bbox 8 700 158 787; x_wconf 83' lang='lat' dir='ltr'><strong>inquam,</strong></span> <span class='ocrx_word' id='word_1_49' title='bbox 176 722 250 788; x_wconf 82' lang='lat' dir='ltr'><strong>erga</strong></span> <span class='ocrx_word' id='word_1_50' title='bbox 266 721 324 762; x_wconf 83' lang='lat' dir='ltr'><strong>vos</strong></span> <span class='ocrx_word' id='word_1_51' title='bbox 343 699 443 762; x_wconf 87' lang='lat' dir='ltr'><strong>multa</strong></span> <span class='ocrx_word' id='word_1_52' title='bbox 460 716 492 763; x_wconf 89' lang='lat' dir='ltr'><strong>et</strong></span> <span class='ocrx_word' id='word_1_53' title='bbox 505 721 621 786; x_wconf 84' lang='lat' dir='ltr'><strong>magna</strong></span> <span class='ocrx_word' id='word_1_54' title='bbox 638 698 752 763; x_wconf 87' lang='lat' dir='ltr'><strong>merita</strong></span> <span class='ocrx_word' id='word_1_55' title='bbox 766 721 780 761; x_wconf 82' lang='lat' dir='ltr'><strong>u</strong></span> 
     </span>
     <span class='ocr_line' id='line_1_9' title="bbox 1 799 781 888; baseline -0.003 -23"><span class='ocrx_word' id='word_1_56' title='bbox 1 825 21 865; x_wconf 92' lang='lat' dir='ltr'>n</span> <span class='ocrx_word' id='word_1_57' title='bbox 47 824 84 865; x_wconf 85' lang='lat' dir='ltr'><strong>ea</strong></span> <span class='ocrx_word' id='word_1_58' title='bbox 100 802 202 865; x_wconf 85' lang='lat' dir='ltr'><strong>virtus</strong></span> <span class='ocrx_word' id='word_1_59' title='bbox 225 815 329 865; x_wconf 85' lang='lat' dir='ltr'><strong>vestra</strong></span> <span class='ocrx_word' id='word_1_60' title='bbox 348 816 413 876; x_wconf 81' lang='lat' dir='ltr'><strong>est,</strong></span> <span class='ocrx_word' id='word_1_61' title='bbox 436 823 538 888; x_wconf 86' lang='lat' dir='ltr'><strong>eaque</strong></span> <span class='ocrx_word' id='word_1_62' title='bbox 561 799 659 880; x_wconf 85' lang='lat' dir='ltr'><strong>fides,</strong></span> <span class='ocrx_word' id='word_1_63' title='bbox 679 799 781 865; x_wconf 76' lang='lat' dir='ltr'><strong>benet</strong></span> 
     </span>
     <span class='ocr_line' id='line_1_10' title="bbox 7 901 781 990; baseline -0.003 -24"><span class='ocrx_word' id='word_1_64' title='bbox 7 952 15 977; x_wconf 82' lang='grc'><em>,</em></span> <span class='ocrx_word' id='word_1_65' title='bbox 35 919 73 966; x_wconf 91' lang='lat' dir='ltr'><strong>ut</strong></span> <span class='ocrx_word' id='word_1_66' title='bbox 95 901 250 966; x_wconf 84' lang='lat' dir='ltr'><strong>militibus</strong></span> <span class='ocrx_word' id='word_1_67' title='bbox 271 901 350 964; x_wconf 84' lang='lat' dir='ltr'><strong>meis</strong></span> <span class='ocrx_word' id='word_1_68' title='bbox 373 901 459 964; x_wconf 90' lang='lat' dir='ltr'><strong>ultro</strong></span> <span class='ocrx_word' id='word_1_69' title='bbox 482 901 601 990; x_wconf 81' lang='lat' dir='ltr'><strong>gratias</strong></span> <span class='ocrx_word' id='word_1_70' title='bbox 622 923 714 989; x_wconf 84' lang='lat' dir='ltr'><strong>agam</strong></span> <span class='ocrx_word' id='word_1_71' title='bbox 737 901 781 964; x_wconf 91' lang='lat' dir='ltr'><strong>im</strong></span> 
     </span>
     <span class='ocr_line' id='line_1_11' title="bbox 3 1001 782 1088; baseline -0.003 -20"><span class='ocrx_word' id='word_1_72' title='bbox 3 1004 90 1068; x_wconf 88' lang='lat' dir='ltr'><strong>enim</strong></span> <span class='ocrx_word' id='word_1_73' title='bbox 106 1003 223 1067; x_wconf 81' lang='lat' dir='ltr'><strong>certius</strong></span> <span class='ocrx_word' id='word_1_74' title='bbox 246 1003 365 1066; x_wconf 85' lang='lat' dir='ltr'><strong>offerre</strong></span> <span class='ocrx_word' id='word_1_75' title='bbox 387 1001 432 1065; x_wconf 90' lang='lat' dir='ltr'><strong>dii</strong></span> <span class='ocrx_word' id='word_1_76' title='bbox 451 1003 649 1067; x_wconf 84' lang='lat' dir='ltr'><strong>immortales</strong></span> <span class='ocrx_word' id='word_1_77' title='bbox 674 1002 782 1088; x_wconf 62' lang='lat' dir='ltr'><strong>bene,</strong></span> 
     </span>
     <span class='ocr_line' id='line_1_12' title="bbox 26 1101 782 1192; baseline 0.001 -25"><span class='ocrx_word' id='word_1_78' title='bbox 26 1126 64 1167; x_wconf 88' lang='lat' dir='ltr'><strong>us</strong></span> <span class='ocrx_word' id='word_1_79' title='bbox 81 1118 274 1192; x_wconf 86' lang='lat' dir='ltr'><strong>potuerunt,</strong></span> <span class='ocrx_word' id='word_1_80' title='bbox 290 1126 388 1191; x_wconf 87' lang='lat' dir='ltr'><strong>quam</strong></span> <span class='ocrx_word' id='word_1_81' title='bbox 409 1119 531 1168; x_wconf 88' lang='lat' dir='ltr'><strong>tantam</strong></span> <span class='ocrx_word' id='word_1_82' title='bbox 549 1103 634 1168; x_wconf 89' lang='lat' dir='ltr'><strong>inter</strong></span> <span class='ocrx_word' id='word_1_83' title='bbox 651 1101 782 1168; x_wconf 86' lang='lat' dir='ltr'><strong>adversa</strong></span> 
     </span>
     <span class='ocr_line' id='line_1_13' title="bbox 0 1203 783 1292; baseline 0 -23"><span class='ocrx_word' id='word_1_84' title='bbox 0 1228 77 1292; x_wconf 88' lang='lat' dir='ltr'><strong>que</strong></span> <span class='ocrx_word' id='word_1_85' title='bbox 101 1205 285 1269; x_wconf 87' lang='lat' dir='ltr'><strong>animorum</strong></span> <span class='ocrx_word' id='word_1_86' title='bbox 310 1204 628 1287; x_wconf 84' lang='lat' dir='ltr'><strong>dissimilitudinem,</strong></span> <span class='ocrx_word' id='word_1_87' title='bbox 656 1220 694 1268; x_wconf 91' lang='lat' dir='ltr'><strong>ut</strong></span> <span class='ocrx_word' id='word_1_88' title='bbox 722 1203 783 1269; x_wconf 82' lang='lat' dir='ltr'><strong>iud·</strong></span> 
     </span>
     <span class='ocr_line' id='line_1_14' title="bbox 0 1304 782 1387; baseline 0.001 -19"><span class='ocrx_word' id='word_1_89' title='bbox 0 1306 54 1386; x_wconf 80' lang='lat' dir='ltr'><strong>&#39;s,</strong></span> <span class='ocrx_word' id='word_1_90' title='bbox 69 1305 228 1387; x_wconf 84' lang='lat' dir='ltr'><strong>caedibus,</strong></span> <span class='ocrx_word' id='word_1_91' title='bbox 246 1306 300 1370; x_wconf 90' lang='lat' dir='ltr'><strong>hic</strong></span> <span class='ocrx_word' id='word_1_92' title='bbox 310 1304 424 1370; x_wconf 87' lang='lat' dir='ltr'><strong>officiis</strong></span> <span class='ocrx_word' id='word_1_93' title='bbox 438 1322 471 1370; x_wconf 85' lang='lat' dir='ltr'><strong>et</strong></span> <span class='ocrx_word' id='word_1_94' title='bbox 485 1329 594 1371; x_wconf 82' lang='lat' dir='ltr'><strong>amore</strong></span> <span class='ocrx_word' id='word_1_95' title='bbox 607 1307 692 1370; x_wconf 84' lang='lat' dir='ltr'><strong>inter</strong></span> <span class='ocrx_word' id='word_1_96' title='bbox 700 1305 782 1370; x_wconf 87' lang='lat' dir='ltr'><strong>milit</strong></span> 
     </span>
     <span class='ocr_line' id='line_1_15' title="bbox 25 1407 265 1494; baseline 0.008 -24"><span class='ocrx_word' id='word_1_97' title='bbox 25 1431 89 1494; x_wconf 90' lang='lat' dir='ltr'><strong>que</strong></span> <span class='ocrx_word' id='word_1_98' title='bbox 103 1407 265 1472; x_wconf 84' lang='lat' dir='ltr'><strong>certetur?</strong></span> 
     </span>
    </p>

    <p class='ocr_par' dir='ltr' id='par_1_5' title="bbox 1 1507 786 2194">
     <span class='ocr_line' id='line_1_16' title="bbox 21 1507 784 1598; baseline 0.003 -27"><span class='ocrx_word' id='word_1_99' title='bbox 21 1510 46 1571; x_wconf 89' lang='lat' dir='ltr'><strong>l.</strong></span> <span class='ocrx_word' id='word_1_100' title='bbox 64 1507 261 1572; x_wconf 71' lang='lat' dir='ltr'><strong>«Enimvero</strong></span> <span class='ocrx_word' id='word_1_101' title='bbox 277 1510 396 1574; x_wconf 83' lang='lat' dir='ltr'><strong>virtute</strong></span> <span class='ocrx_word' id='word_1_102' title='bbox 406 1526 510 1574; x_wconf 84' lang='lat' dir='ltr'><strong>vestra</strong></span> <span class='ocrx_word' id='word_1_103' title='bbox 524 1511 600 1574; x_wconf 86' lang='lat' dir='ltr'><strong>satis</strong></span> <span class='ocrx_word' id='word_1_104' title='bbox 615 1532 689 1574; x_wconf 89' lang='lat' dir='ltr'><strong>sum</strong></span> <span class='ocrx_word' id='word_1_105' title='bbox 705 1511 738 1573; x_wconf 89' lang='lat' dir='ltr'><strong>in</strong></span> <span class='ocrx_word' id='word_1_106' title='bbox 757 1532 784 1598; x_wconf 85' lang='lat' dir='ltr'><strong>p:</strong></span> 
     </span>
     <span class='ocr_line' id='line_1_17' title="bbox 19 1608 784 1699; baseline 0.004 -26"><span class='ocrx_word' id='word_1_107' title='bbox 19 1608 207 1673; x_wconf 78' lang='lat' dir='ltr'><strong>liberalitate</strong></span> <span class='ocrx_word' id='word_1_108' title='bbox 227 1625 332 1674; x_wconf 84' lang='lat' dir='ltr'><strong>vestra</strong></span> <span class='ocrx_word' id='word_1_109' title='bbox 350 1634 417 1675; x_wconf 88' lang='lat' dir='ltr'><strong>non</strong></span> <span class='ocrx_word' id='word_1_110' title='bbox 442 1627 533 1692; x_wconf 87' lang='lat' dir='ltr'><strong>utar,</strong></span> <span class='ocrx_word' id='word_1_111' title='bbox 556 1613 681 1676; x_wconf 85' lang='lat' dir='ltr'><strong>animos</strong></span> <span class='ocrx_word' id='word_1_112' title='bbox 702 1611 784 1699; x_wconf 68' lang='lat' dir='ltr'><strong>acci}</strong></span> 
     </span>
     <span class='ocr_line' id='line_1_18' title="bbox 1 1708 785 1807; baseline 0.003 -34"><span class='ocrx_word' id='word_1_113' title='bbox 1 1758 10 1791; x_wconf 91' lang='lat'><strong>,</strong></span> <span class='ocrx_word' id='word_1_114' title='bbox 29 1732 111 1797; x_wconf 91' lang='lat' dir='ltr'><strong>quos</strong></span> <span class='ocrx_word' id='word_1_115' title='bbox 135 1708 246 1807; x_wconf 35' lang='lat' dir='ltr'><strong>donec·</strong></span> <span class='ocrx_word' id='word_1_116' title='bbox 258 1710 338 1773; x_wconf 79' lang='lat' dir='ltr'><strong>milri</strong></span> <span class='ocrx_word' id='word_1_117' title='bbox 354 1711 581 1798; x_wconf 68' lang='lat' dir='ltr'><strong>praestiteritis,</strong></span> <span class='ocrx_word' id='word_1_118' title='bbox 604 1710 785 1799; x_wconf 62' lang='lat' dir='ltr'><strong>praestabitis</strong></span> 
     </span>
     <span class='ocr_line' id='line_1_19' title="bbox 21 1808 785 1900; baseline 0.004 -27"><span class='ocrx_word' id='word_1_119' title='bbox 21 1861 29 1893; x_wconf 91' lang='lat'><strong>,</strong></span> <span class='ocrx_word' id='word_1_120' title='bbox 47 1811 128 1875; x_wconf 90' lang='lat' dir='ltr'><strong>nihil</strong></span> <span class='ocrx_word' id='word_1_121' title='bbox 150 1810 230 1873; x_wconf 91' lang='lat' dir='ltr'><strong>mihi</strong></span> <span class='ocrx_word' id='word_1_122' title='bbox 248 1810 439 1875; x_wconf 81' lang='lat' dir='ltr'><strong>defuturum</strong></span> <span class='ocrx_word' id='word_1_123' title='bbox 455 1827 513 1875; x_wconf 90' lang='lat' dir='ltr'><strong>est.</strong></span> <span class='ocrx_word' id='word_1_124' title='bbox 533 1812 674 1900; x_wconf 89' lang='lat' dir='ltr'><strong>Operam</strong></span> <span class='ocrx_word' id='word_1_125' title='bbox 694 1808 785 1876; x_wconf 71' lang='lat' dir='ltr'><strong>auter</strong></span> 
     </span>
     <span class='ocr_line' id='line_1_20' title="bbox 1 1909 785 2002; baseline 0 -29"><span class='ocrx_word' id='word_1_126' title='bbox 1 1909 115 1975; x_wconf 17' lang='lat' dir='ltr'><strong>*modo</strong></span> <span class='ocrx_word' id='word_1_127' title='bbox 131 1911 216 1988; x_wconf 82' lang='lat' dir='ltr'><strong>haec,</strong></span> <span class='ocrx_word' id='word_1_128' title='bbox 232 1933 304 1998; x_wconf 84' lang='lat' dir='ltr'><strong>quae</strong></span> <span class='ocrx_word' id='word_1_129' title='bbox 320 1910 456 1993; x_wconf 88' lang='lat' dir='ltr'><strong>adsunt,</strong></span> <span class='ocrx_word' id='word_1_130' title='bbox 473 1912 621 1976; x_wconf 82' lang='lat' dir='ltr'><strong>laborum</strong></span> <span class='ocrx_word' id='word_1_131' title='bbox 636 1913 767 2002; x_wconf 83' lang='lat' dir='ltr'><strong>proemia</strong></span> <span class='ocrx_word' id='word_1_132' title='bbox 784 1936 785 1973; x_wconf 80' lang='lat'>1</span> 
     </span>
     <span class='ocr_line' id='line_1_21' title="bbox 1 2012 786 2101; baseline 0.009 -31"><span class='ocrx_word' id='word_1_133' title='bbox 1 2043 8 2070; x_wconf 84' lang='lat' dir='ltr'><strong>t</strong></span> <span class='ocrx_word' id='word_1_134' title='bbox 33 2013 129 2077; x_wconf 85' lang='lat' dir='ltr'><strong>etiam</strong></span> <span class='ocrx_word' id='word_1_135' title='bbox 143 2012 239 2101; x_wconf 81' lang='lat' dir='ltr'><strong>longe</strong></span> <span class='ocrx_word' id='word_1_136' title='bbox 255 2012 403 2099; x_wconf 90' lang='lat' dir='ltr'><strong>pluribus</strong></span> <span class='ocrx_word' id='word_1_137' title='bbox 421 2013 663 2100; x_wconf 86' lang='lat' dir='ltr'><strong>majoribusque</strong></span> <span class='ocrx_word' id='word_1_138' title='bbox 678 2014 786 2079; x_wconf 90' lang='lat' dir='ltr'><strong>cumul</strong></span> 
     </span>
     <span class='ocr_line' id='line_1_22' title="bbox 17 2112 786 2194; baseline 0.005 -19"><span class='ocrx_word' id='word_1_139' title='bbox 17 2112 134 2179; x_wconf 82' lang='lat' dir='ltr'><strong>deiude</strong></span> <span class='ocrx_word' id='word_1_140' title='bbox 147 2112 340 2180; x_wconf 82' lang='lat' dir='ltr'><strong>sententiam</strong></span> <span class='ocrx_word' id='word_1_141' title='bbox 359 2115 460 2177; x_wconf 87' lang='lat' dir='ltr'><strong>multa</strong></span> <span class='ocrx_word' id='word_1_142' title='bbox 477 2113 619 2194; x_wconf 88' lang='lat' dir='ltr'><strong>addidit,</strong></span> <span class='ocrx_word' id='word_1_143' title='bbox 638 2115 786 2180; x_wconf 88' lang='lat' dir='ltr'><strong>occasion</strong></span> 
     </span>
    </p>
   </div>
   <div class='ocr_carea' id='block_1_5' title="bbox 17 2229 133 2245">
    <p class='ocr_par' dir='ltr' id='par_1_6' title="bbox 17 2229 133 2245">
     <span class='ocr_line' id='line_1_23' title="bbox 17 2229 133 2245; baseline -0.009 0"><span class='ocrx_word' id='word_1_144' title='bbox 17 2236 64 2245; x_wconf 61' lang='grc' dir='ltr'><strong>οι·-</strong></span> <span class='ocrx_word' id='word_1_145' title='bbox 82 2229 133 2244; x_wconf 66' lang='grc' dir='ltr'><strong>ΔΑ-</strong></span> 
     </span>
    </p>
   </div>
   <div class='ocr_carea' id='block_1_6' title="bbox 0 0 1361 5018">
    <p class='ocr_par' dir='ltr' id='par_1_7' title="bbox 0 0 1361 5018">
     <span class='ocr_line' id='line_1_24' title="bbox 0 0 1361 5018; baseline 0 0"><span class='ocrx_word' id='word_1_146' title='bbox 0 0 1361 5018; x_wconf 95' lang='lat' dir='ltr'><strong> </strong></span> 
     </span>
    </p>
   </div>
  </div>
 </body>
</html>
