2670 5018
230 772 287 842 ΙΝ
318 773 429 841 LOC.
456 773 549 841 LlB.
576 775 760 842 LXXVII
790 778 1004 850 LlVlANI.
1114 810 1153 881 ¹7

75 899 183 961 soluto
208 895 364 984 navigio,
391 893 579 984 Meningom
605 896 731 977 tenuit,
759 898 874 962 Africae
900 900 1061 985 insulam,
1081 930 1153 994 quae

78 997 174 1063 hodie
193 997 375 1063 Garbarum
391 997 552 1060 vocabulo
570 1013 619 1062 est
633 1001 752 1063 notior.

121 1101 224 1165 XLII.
242 1100 305 1164 llic
320 1097 363 1163 de
382 1096 450 1162 filio
467 1121 529 1164 suo
546 1103 733 1189 cognoscit,
752 1101 843 1165 illum
861 1125 937 1169 cum
952 1105 988 1170 P.
1006 1108 1152 1200 Cethego

79 1203 224 1284 salvum,
241 1202 289 1266 ire
314 1199 356 1265 ad
377 1200 617 1290 Hiempsalem,
640 1203 707 1267 sive
728 1203 925 1269 Mandrestal
946 1208 974 1270 is
997 1210 1081 1275 fuit:
1100 1216 1154 1279 cui

79 1306 201 1394 patrive
214 1304 284 1384 ejus
295 1302 459 1369 Numidia
471 1320 607 1391 partem,
617 1321 711 1393 capto
723 1306 897 1395 Iugurtha,
909 1308 1004 1372 Marii
1014 1315 1152 1378 maxime

79 1428 177 1494 opera
195 1421 328 1469 senatus
348 1404 491 1470 dederat.
515 1406 601 1471 Hinc
623 1423 755 1495 recepto
775 1410 927 1474 nonnihil
942 1413 1071 1495 anim0,
1088 1431 1153 1479 sta·

80 1508 140 1571 tuit
161 1508 196 1571 in
217 1507 509 1596 carthaginiensem
528 1529 642 1595 agrum
665 1509 893 1573 transmittere.
917 1510 968 1573 lbi
990 1535 1094 1600 quum
1118 1517 1152 1580 in

79 1609 157 1672 locis
172 1609 320 1672 solitariis
339 1609 501 1694 vastisque
520 1607 662 1689 sederet,
677 1610 766 1672 venit
783 1608 823 1672 ad
840 1633 916 1674 eum
938 1612 1032 1677 lictor
1048 1616 1153 1681 Sexti·

79 1710 131 1791 lii,
146 1711 204 1798 qui
219 1727 290 1776 tum
306 1711 447 1774 Africam
463 1723 661 1798 propraetore
671 1710 854 1774 ‘obtinebat
873 1713 923 1774 De
936 1712 999 1776 hoc
1011 1715 1153 1798 Marius,

80 1830 230 1877 neutram
243 1813 278 1876 in
294 1828 419 1901 partem
433 1812 588 1893 meritus,
603 1812 814 1876 humanitatis
831 1828 938 1877 tamen
957 1817 1090 1904 aliquod
1103 1820 1154 1882 of·

79 1913 188 1979 licium
203 1915 417 2003 exspectabat.
435 1917 476 1978 At
490 1914 585 1978 lictor
598 1913 756 1978 decedere
771 1937 846 1977 eum
860 1917 1025 2002 provincia
1037 1918 1152 2003 jussit,

79 2017 112 2080 ni
125 2017 216 2081 malit
230 2017 267 2079 in*
278 2039 328 2098 se,
342 2031 380 2079 ut
390 2017 517 2080 hostem
533 2015 573 2079 ab
588 2032 703 2079 senatu
712 2015 911 2098 judicatum,
926 2016 1071 2102 decerni3
1083 2038 1152 2087 tor-

77 2140 182 2205 veque
198 2119 398 2198 intuentem,
414 2133 448 2181 et
460 2139 572 2182 vocem
587 2118 708 2181 nullam
723 2117 923 2181 emittentem
941 2119 1082 2186 Marium
1095 2148 1151 2188 ro-

78 2219 163 2307 gavit
182 2217 331 2298 tandem,
345 2215 497 2306 «Ecquid
517 2219 696 2282 renuntiari
714 2219 842 2307 praetori
859 2220 978 2287 vellet?
994 2254 1007 2278 υ
1028 2224 1073 2286 ibi
1088 2225 1153 2290 Ma·

79 2322 165 2396 rius,
188 2352 201 2376 ι
215 2321 361 2401 Nuntia,
385 2321 514 2407 inquit,
535 2319 653 2384 vidisse
678 2336 709 2383 te
732 2321 767 2383 C.
792 2319 931 2383 Marium
950 2324 1094 2387 exsulem
1116 2326 1152 2389 iu

77 2423 303 2522 «Carthaginis
323 2422 450 2512 Magna
466 2422 569 2485 ruinis
587 2421 753 2486 sedentem
769 2444 803 2484 u:
822 2419 954 2486 duobus
970 2423 1153 2492 clarissimis

78 2525 232 2613 exemplis
248 2523 500 2588 inconstantiam
518 2546 628 2587 rerum
642 2524 859 2587 humanarum
875 2527 1023 2612 praetoris
1042 2529 1152 2593 animo

79 2624 235 2715 figurare,
250 2648 318 2689 non
335 2627 444 2713 inepte
458 2641 604 2690 conatus.

120 2729 239 2792 xLssl.
260 2728 323 2791 Hic
340 2726 382 2791 ad
401 2749 478 2791 eum
499 2750 575 2791 cum
593 2726 739 2815 Cethego
754 2725 838 2791 lilius
854 2729 963 2810 venit,
978 2731 1153 2796 Albinova-

79 2851 226 2917 nusque,
243 2845 276 2894 et
293 2829 400 2893 caeteri
419 2830 563 2892 exsules:
583 2829 604 2892 ii
625 2827 843 2892 Numidarum
866 2829 978 2912 dolos,
996 2855 1063 2895 non
1082 2835 1152 2898 sine

79 2929 198 3020 digno,
218 2932 275 3019 qui
295 2946 449 3011 notetur,
469 2953 543 2994 casu
560 2945 736 2994 evaserant.
753 2931 894 2995 Marium
909 2932 1149 3000 adolescentem

78 3034 166 3096 miris
180 3034 214 3096 in
230 3034 370 3121 speciem
385 3031 500 3096 officiis
514 3032 641 3096 colebat
654 3031 804 3120 regulus;
821 3032 878 3096 scd
893 3035 968 3119 quia
985 3035 1151 3101 discedere

77 3135 261 3222 cupientem
289 3133 479 3198 morabatur
502 3133 647 3196 crebrius
669 3149 703 3195 et
725 3134 888 3220 apertius,
911 3158 1008 3222 quam
1033 3154 1070 3201 ut
1092 3162 1151 3226 per

77 3236 336 3301 benevolentiam
354 3238 458 3300 facere
481 3234 569 3300 credi
589 3236 958 3324 posset,'suspicionem
977 3237 1037 3319 illi,
1058 3255 1090 3302 et
1111 3263 1149 3304 ex

78 3335 136 3400 hac
148 3336 317 3401 ardentius
329 3334 472 3401 abeundi
486 3335 682 3400 desiderium
696 3337 815 3416 injecit.
833 3338 938 3426 Igitur
951 3340 995 3403 ob
1009 3341 1147 3404 formam

77 3462 95 3500 a
112 3439 223 3525 pellice
241 3439 330 3527 regia
347 3436 501 3519 dilectus,
519 3460 623 3526 quum
637 3437 706 3516 ejus
719 3461 863 3502 amorem
875 3458 1038 3505 aversatus
1051 3465 1149 3506 eous·

78 3562 141 3626 que
159 3541 291 3620 fuisset,
306 3556 376 3603 tum
391 3540 558 3629 amplexus
575 3540 779 3603 occasionem
798 3555 861 3621 est,
877 3563 979 3628 eaque
994 3541 1147 3622 juvante,

77 3664 151 3704 cum
168 3643 281 3706 amicis
300 3641 374 3731 fuga
390 3658 502 3730 capta,
519 3641 559 3706 ad
576 3657 700 3730 patrem
716 3642 906 3728 penetravit.

121 3744 233 3808 XLIV.
253 3744 372 3835 Magna
391 3758 459 3807 erat
473 3743 660 3834 gratulatio,
681 3742 771 3829 quod
784 3758 859 3830 post
871 3744 1026 3831 ancipites
1038 3760 1087 3808 tot
1098 3768 1150 3808 ca·

78 3868 148 3928 sus,
163 3847 219 3935 qui
240 3845 281 3909 de
299 3869 332 3910 se
346 3845 480 3933 suisque
499 3845 616 3934 saepius
635 3844 791 3931 utrinque
810 3842 1051 3931 desperassent,
1071 3848 1149 3911 salvi

77 3948 278 4035 sospitesque
291 3970 325 4011 se
336 3947 476 4011 vicissim
492 3947 707 4011 intuerentur.
720 3946 809 4009 lnter
820 3946 904 4010 hanc
916 3946 996 4011 dum
1009 3949 1043 4010 in
1056 3949 1149 4012 litore

76 4048 310 4131 obambulant,
334 4050 418 4113 sorte
444 4051 631 4137 scorpiones
656 4049 741 4110 inter
766 4071 800 4111 se
827 4065 1008 4138 pugnantes
1027 4049 1148 4114 Marius

79 4168 166 4236 pater
178 4150 276 4216 ridet.
292 4153 369 4215 Erat
385 4152 438 4215 ille
453 4151 502 4214 vir
515 4151 593 4214 huic
609 4150 751 4214 stultitiae
766 4150 875 4240 generi
890 4149 1039 4230 deditus,
1061 4167 1093 4213 et
1113 4169 1149 4216 ut

78 4254 166 4317 facile
187 4270 236 4318 est
255 4254 468 4320 delirantibus
482 4272 585 4318 artem
600 4276 639 4318 ex
652 4275 761 4317 errore
775 4254 897 4333 lacere,
910 4254 1014 4317 valere
1028 4255 1149 4317 setalia

110 4468 125 4531 S
144 4470 223 4517 ult.
245 4469 355 4535 Appiae.
376 4495 411 4506 -·
430 4469 484 4519 cte.
505 4469 542 4517 ad·
558 4469 649 4532 Quirit.
670 4483 724 4532 cap.
741 4469 766 4514 8.
784 4493 819 4503 -
842 4467 965 4518 Plutarch.
980 4497 1015 4506 —
1028 4467 1045 4534 S
1058 4470 1149 4519 xmtt.

77 4552 183 4618 Appiao.
196 4580 232 4590 -
245 4551 372 4602 Plutarch.
1135 4574 1137 4579 ·

194 4653 235 4720 X.
956 4672 976 4714 a
