2670 5018
754 367 760 403 l

275 782 336 852 IN
367 782 479 850 LOC.
506 781 601 851 LIB.
629 786 814 855 LXXVII
843 786 1051 858 LIVIANI.
1160 814 1199 860 at

165 903 254 967 LIV.
271 902 427 967 Habebat
437 901 500 966 sub
511 903 610 992 signis
624 906 773 994 equiturn
786 910 1205 999 quatuormillia,peditum

129 1006 332 1094 decuplum:
347 1005 405 1071 sed
421 1005 526 1069 rictus
537 1006 577 1070 ab
589 1007 756 1090 hostibus,
769 1009 870 1072 ferme
880 1008 991 1073 decem
1007 1010 1105 1075 millia
1119 1013 1205 1076 mili·

130 1128 198 1175 tum
216 1112 252 1174 in
268 1110 381 1201 praelio
396 1109 522 1190 amisit3
539 1126 661 1176 eaeterae
671 1112 772 1200 copiae
787 1111 947 1199 dissipatae
957 1112 992 1175 in
1005 1111 1129 1177 diversa
1145 1115 1204 1179 ab·

132 1214 251 1278 ierunt.
262 1213 440 1301 Aquillius,
459 1211 501 1275 ad
516 1212 707 1302 Sangarium
725 1212 863 1278 fluvium
876 1214 953 1303 fuga
973 1212 1116 1296 delatus,
1133 1215 1207 1280 lieet

130 1317 193 1394 jam
211 1337 279 1378 nox
297 1330 422 1403 tegeret
441 1329 560 1397 terras,
582 1316 772 1379 transmisso
791 1315 898 1379 statim
923 1313 1080 1397 flumine,
1097 1332 1209 1402 postea

136 1417 329 1506 Pergamum
339 1416 438 1479 venit.
451 1417 561 1480 Castra
571 1439 706 1504 quoque
720 1417 789 1497 ejus
802 1432 894 1506 capta
904 1433 992 1481 sunt.
1004 1416 1068 1491 Sed
1078 1417 1208 1481 Mithri·

136 1519 240 1599 dates,
257 1518 419 1607 captivos,
430 1517 514 1582 sicut
529 1533 623 1581 antea
634 1518 739 1583 facere
753 1533 986 1600 consueverat,
1002 1541 1106 1607 quum
1118 1519 1209 1582 Asia·

136 1621 189 1684 tici
202 1635 328 1700 essent,
345 1619 484 1683 comiter
499 1619 705 1707 alloquutus,
726 1642 801 1683 cum
813 1621 958 1684 vestibus
977 1636 1011 1684 et
1028 1620 1144 1683 viatico
1167 1619 1209 1688 ad

137 1745 213 1785 suos
225 1744 392 1810 quemque
405 1719 510 1785 redire
529 1744 661 1810 passus,
677 1738 805 1786 tantum
820 1723 936 1787 excivit
954 1721 1207 1802 benevolentiae,

138 1840 173 1887 nt
198 1823 346 1888 certatim
372 1821 512 1886 adeum
542 1824 651 1887 omnia
678 1822 872 1906 deficerent3
897 1825 1059 1913 legatique
1087 1846 1208 1912 magno

138 1947 274 1989 numero
305 1923 496 2016 accederent
522 1922 650 1988 decreta
672 1925 839 1988 civitatum
862 1924 1055 2006 afferentes,
1085 1925 1206 2013 quibus

138 2048 245 2114 regern
263 2023 305 2088 ad
322 2047 357 2089 se
368 2025 547 2107 vocabant,
561 2026 664 2090 Deum
672 2039 767 2114 atque
778 2026 972 2090 Servatorem
984 2027 1182 2114 appellantes
1195 2048 1202 2087 :

142 2143 173 2189 et
187 2148 399 2214 quocumque
411 2126 570 2206 venisset,
580 2126 710 2190 obviam
721 2127 833 2190 effusis
847 2149 923 2190 curn
936 2126 1104 2214 splendida
1118 2143 1207 2192 veste

142 2228 297 2292 omnibus
311 2226 499 2308 ordinibus,
513 2250 641 2292 summa
658 2227 767 2291 laetitia
782 2228 1012 2316 excipiebatur.

181 2329 245 2394 LV.
264 2329 381 2416 Neque
399 2329 528 2392 Cassius
548 2345 580 2392 ct
597 2327 808 2411 Nicomedes,
825 2344 858 2392 et
880 2329 935 2415 qui
955 2329 1008 2391 alii
1026 2330 1207 2418 legatorum

138 2452 348 2495 romanorum
365 2429 404 2492 iis
420 2430 498 2493 locis
517 2445 627 2510 erant,
644 2430 794 2494 inhibere
810 2430 972 2519 impeturn
986 2432 1207 2518 properantis,

138 2547 191 2593 aut
210 2553 377 2619 opponere
396 2552 431 2593 se
445 2531 552 2596 ruenti
568 2531 652 2597 Asiae
669 2530 852 2614 audebant3
870 2533 1055 2619 frustraque
1076 2533 1206 2596 tentatis

139 2632 305 2721 Phrygum
319 2631 462 2714 auxiliis,
473 2654 575 2720 quum
585 2632 735 2696 homines
752 2633 793 2697 ad
806 2633 952 2697 militiam
968 2635 1096 2720 ineptos
1113 2657 1205 2697 exer·

137 2756 208 2796 cere
234 2733 325 2796 irrito
353 2732 462 2796 labore
491 2733 722 2815 instituissent,
749 2733 944 2798 dimiserunt
968 2758 1100 2817 omncs,
1125 2751 1157 2799 et
1188 2760 1204 2798 a

138 2836 267 2899 castello
287 2835 454 2924 Phrygiae,
469 2833 559 2921 quod
577 2835 725 2899 Leonum
740 2836 903 2923 appellant
921 2853 1019 2923 caput
1043 2843 1104 2922 (eo
1117 2837 1205 2899 enim

140 2955 269 3026 propter
294 2937 512 3001 munitionem
532 2937 596 2998 loci
623 2936 870 3023 convenerant)
902 2936 1019 2999 diversi
1043 2937 1205 2999 abierunt.

139 3040 266 3103 Cassius
293 3040 466 3128 Apameam
488 3036 619 3101 reduxit
647 3061 745 3114 suos,
771 3037 965 3102 Nicomedes
991 3038 1204 3126 Pergamum,

139 3141 309 3205 Mancinus
320 3140 473 3204 Rhodum
488 3141 535 3204 ire
548 3140 726 3204 constituit.
742 3142 768 3203 A
782 3139 940 3228 Pergamo
949 3138 1155 3218 Nicomedes,
1169 3154 1208 3201 ut

140 3257 316 3330 conspectu
333 3263 393 3304 suo
407 3240 480 3329 plus
496 3256 642 3304 moveret
657 3256 827 3320 senatum,
844 3241 877 3302 in
894 3238 1018 3302 Italiam
1035 3239 1203 3327 navigavit.

181 3345 262 3408 LVI.
277 3344 348 3406 Hoc
362 3343 419 3406 ubi
431 3341 580 3406 auditum
592 3358 642 3405 est
653 3343 702 3422 iis,
712 3342 769 3429 qui
783 3340 994 3406 occludendis
1006 3341 1131 3405 Pontici
1143 3364 1208 3403 ma·

140 3448 180 3508 ris
190 3445 340 3508 faucibus
353 3443 394 3508 ad
410 3444 596 3531 Byrantium
616 3443 837 3525 excubabant,
852 3443 968 3530 partim
987 3440 1210 3530 diffugerunt,

140 3547 188 3610 alii
214 3547 336 3626 majore
362 3544 482 3634 flagitio
506 3567 601 3607 naves
632 3566 765 3631 quoque
795 3541 983 3607 Nicomedis
1005 3538 1209 3603 tradiderunt

141 3645 330 3710 Mithridati.
355 3645 505 3733 Bithynia
528 3647 620 3708 omni
645 3667 766 3733 paucos
788 3645 872 3707 intra
896 3642 964 3705 (lies
985 3657 1131 3729 recepta,
1154 3664 1210 3704 rex

141 3749 342 3813 Mithridates
362 3748 507 3812 civitates
526 3749 657 3828 obiens,
675 3747 832 3835 pecunias
854 3759 1111 3832 apparatumque
1135 3742 1211 3805 belli

141 3851 259 3938 ubique
282 3851 323 3914 ab
344 3848 494 3912 hostibus
514 3850 625 3913 relicta
646 3848 833 3936 colligebat3
856 3861 1029 3927 caeterum,
1055 3869 1121 3932 quo
1145 3845 1210 3909 cle·

141 3953 279 4016 mentius
305 3952 479 4039 imperium
507 3967 710 4038 speraretur,
737 3948 844 4012 debita
870 3946 1018 4036 publica,
1044 3946 1141 4009 simul
1172 3968 1209 4009 ac

139 4056 278 4142 privata,
296 4053 558 4117 remittebantur.
582 4053 641 4116 His
660 4052 703 4115 ita
718 4073 757 4113 ex
774 4050 924 4138 praesenti
947 4070 1009 4110 usu
1033 4046 1209 4126 ordinatis,

138 4173 265 4221 vocatos
280 4157 313 4219 in
330 4155 523 4220 concionem
539 4154 656 4218 milites
674 4167 822 4216 accurata
834 4150 981 4215 oratione
1000 4147 1041 4210 ad
1055 4147 1210 4212 virtutem

172 4384 188 4448 s
205 4386 270 4431 ttv.
283 4384 316 4430 U.
329 4383 357 4431 C.
372 4385 437 4440 6643
451 4384 482 4430 A.
497 4383 524 4431 C.
543 4383 588 4431 88.
608 4408 643 4418 -
662 4383 753 4430 lustin.
768 4382 919 4438 XXXVIII,
932 4382 955 4428 3.
972 4406 1007 4415 -
1021 4377 1127 4427 Diodor.
1143 4378 1211 4442 apud

138 4469 219 4516 Valet.
235 4496 270 4504 -
283 4466 338 4517 Cic.
353 4483 400 4530 pro
416 4466 518 4525 Flacco,
531 4482 584 4530 cap.
601 4465 641 4512 25.
653 4492 687 4500 -
700 4465 806 4529 Appian.
817 4491 848 4501 -
862 4462 878 4528 S
891 4464 944 4512 LV.
958 4460 1080 4510 Plutarch.
1092 4461 1212 4509 Themist.

144 4568 197 4616 sap.
213 4553 256 4600 52.
267 4576 303 4588 -
315 4549 425 4616 Appiae.
436 4577 470 4588 ·-
481 4549 559 4599 Strrh.
569 4548 613 4598 lib.
622 4549 684 4609 111,
699 4565 723 4614 p.
736 4549 794 4598 562.
