2670 5018
286 735 336 802 IN
371 735 481 802 LOC.
508 736 601 802 LIB.
630 735 789 802 LXXXI
814 737 1023 809 LIVIANL
1141 741 1185 812 85

132 850 240 916 eodem
271 869 420 941 tempore
445 853 565 917 circum
590 871 698 942 portas
723 853 861 918 validam
887 860 1027 944 opperiri
1051 883 1184 926 manum

128 955 234 1035 jussit,
260 971 316 1036 ut,
339 955 427 1018 Sulla
448 955 480 1018 in
504 955 792 1018 frumentatoribus
816 958 983 1044 capiundis
1008 980 1184 1050 occupato,

130 1079 201 1119 cum
218 1056 343 1120 facibus
360 1056 400 1120 ad
418 1056 620 1120 incendenda
637 1058 859 1120 Romanorum
876 1081 974 1145 opera
990 1064 1183 1147 prosilirent.

171 1158 291 1221 XXIII.
304 1158 457 1245 Utrisque
467 1181 527 1245 pro
540 1181 596 1246 spe
608 1157 770 1246 expeditio
781 1160 842 1222 fuit
853 1183 860 1222 :
871 1161 957 1223 Sulla
969 1180 1184 1228 commeatum

130 1275 291 1346 portantes
308 1259 449 1346 excepit;
468 1259 640 1322 Archelaus
658 1259 781 1345 aliquot
797 1261 960 1324 machinas
977 1264 1121 1349 corrupit
1135 1265 1185 1327 in·

131 1359 370 1424 cendio.·Circa
392 1359 503 1423 eadem
529 1377 674 1448 tempora
698 1359 782 1423 fitius
806 1360 1001 1425 Mithridatis
1022 1363 1186 1428 Arcathias

131 1484 202 1524 cum
218 1461 281 1524 alio
297 1462 488 1525 exercituin
504 1461 727 1525 Macedoniam
746 1462 946 1548 irrumpens,
965 1465 1187 1528 Romanorum

131 1562 269 1626 modicas
281 1565 388 1651 copias
402 1563 490 1626 haud
501 1586 584 1652 aegre
599 1564 739 1649 expulit,
756 1585 952 1650 omnemque
963 1564 1187 1629 Macedoniam

133 1665 162 1726 in
170 1664 374 1751 praefecturas
384 1664 528 1745 diuisam,
539 1664 664 1728 idoneis
676 1664 863 1728 hominibus
874 1664 1055 1747 distribuit3
1070 1665 1187 1731 deinde

132 1787 246 1852 magno
264 1787 340 1828 cum
359 1782 512 1852 apparatu
531 1782 644 1829 contra
666 1765 784 1828 Sullam
808 1766 991 1853 profectus,
1013 1765 1187 1854 haudqua-

132 1888 226 1952 quam
246 1888 357 1952 parem
379 1867 446 1954 spei
472 1881 624 1929 eventum
645 1866 776 1946 habuit,
802 1868 885 1930 circa
904 1866 1050 1931 Tidaeum
1070 1869 1187 1931 morbo

132 1965 316 2029 exstinctus.
366 1998 368 2002 ⁷

172 2066 291 2130 XXIV.
308 2066 415 2129 Tanto
427 2068 552 2130 minore
569 2069 714 2132 molestia
728 2091 880 2131 romanus
895 2070 1069 2155 imperator
1083 2087 1187 2157 coepta

133 2189 322 2256 perurgens,
332 2168 490 2249 Athenas,
503 2185 539 2232 ut
553 2191 685 2232 omnem
695 2191 762 2231 non
773 2169 871 2231 modo
884 2185 1117 2251 commeatum,
1131 2171 1188 2234 scd

133 2269 225 2332 etiam
243 2269 354 2356 fugam
369 2270 588 2357 interciperet,
607 2271 742 2334 castellis
756 2268 985 2351 circumdedit,
1000 2292 1066 2356 quo
1080 2271 1189 2357 plures

132 2368 330 2432 inexhausta
345 2371 426 2433 urbe
438 2370 679 2451 clauderentur,
694 2393 735 2433 eo
748 2370 934 2438 celeriorem
951 2394 988 2433 ex
1003 2370 1086 2433 fame
1102 2370 1190 2435 dedi·

133 2470 252 2533 tionem
265 2471 464 2560 speransrld
472 2472 627 2536 Piraeenm
637 2472 702 2535 vim
712 2471 866 2535 adhibere
877 2472 1058 2535 consultius
1067 2473 1188 2554 visum,

133 2569 322 2660 eductisque
346 2573 380 2635 in
402 2573 520 2653 justam
541 2572 745 2636 altitudinem
763 2573 932 2661 aggeribus
954 2573 1110 2636 machinae
1127 2574 1189 2636 im·

132 2672 251 2758 positae.
271 2676 313 2738 At
332 2674 521 2755 Archelaus,
537 2689 621 2736 terra
640 2674 721 2736 clam
741 2688 862 2762 egesta,
884 2673 1068 2740 exinanibat
1085 2698 1189 2762 opus,

132 2771 235 2837 donec
254 2772 441 2837 subsidente
457 2776 542 2837 mole
555 2773 681 2862 prodita
695 2797 745 2837 res
759 2791 824 2853 est,
841 2772 1053 2861 deductisque
1067 2776 1189 2839 machi-

134 2874 195 2949 nis,
211 2874 350 2937 Romani
366 2897 515 2962 aggerem
530 2876 743 2962 repleverunt.
759 2873 884 2937 Deinde
897 2891 1010 2937 contra
1021 2877 1191 2939 cuniculos

133 2975 276 3039 Archelai
295 2976 363 3038 aliis
381 2977 505 3039 effossis
522 2977 700 3056 cuniculis,
716 2990 749 3037 et
764 2976 824 3037 sub
847 2975 914 3061 ipsa
930 2975 1046 3037 moenia
1064 2974 1189 3062 produ·

133 3076 205 3155 ctis,
220 3098 304 3164 saepe
316 3076 377 3139 sub
389 3093 473 3140 terra
484 3078 569 3141 inter
580 3077 733 3152 fossores,
748 3091 784 3139 ut
797 3077 880 3138 forte
891 3075 952 3138 sibi
965 3092 1188 3151 occurrerant,

133 3175 229 3240 hastis
245 3175 421 3264 gladiisque
439 3193 619 3267 pugnatum
635 3194 694 3241 est.
735 3229 748 3252 f

175 3279 279 3342 XXV.
302 3280 378 3344 Haec
395 3277 475 3343 dum
497 3280 542 3343 ita
559 3279 659 3360 fiunt,
676 3281 856 3361 Romanus,
880 3279 988 3342 multis
1013 3277 1053 3340 ab
1075 3299 1190 3366 aggere

135 3380 289 3444 machinis
302 3379 455 3461 admotis,
469 3404 580 3444 muros
594 3381 691 3444 ariete
704 3381 868 3467 quatiebat
881 3402 888 3441 :
901 3401 1006 3465 neque
1022 3394 1096 3447 ante
1112 3376 1192 3440 desi·

136 3497 222 3565 tum,
247 3506 344 3570 quarn
368 3500 459 3572 parte
482 3484 568 3547 muri
590 3483 729 3564 dejecta,
752 3482 897 3570 proxima
918 3482 1014 3542 turris
1036 3492 1191 3542 contento

137 3582 271 3646 militurn
286 3584 397 3648 labore
413 3585 652 3665 incenderetur,
671 3584 770 3670 inque
794 3584 880 3669 ipso,
903 3603 1002 3667 quem
1023 3592 1190 3664 ceperant,

138 3705 230 3746 muro
240 3682 424 3771 praesidium
435 3700 637 3748 statueretur.
647 3684 749 3747 Simul
757 3680 957 3760 cunicularii,
968 3700 1123 3765 suspensa
1131 3694 1194 3740 tra·
1235 3678 1238 3684 ’

137 3782 228 3847 bibus
245 3785 379 3865 moenia,
397 3785 482 3872 pice,
502 3802 618 3873 stuppa
635 3800 733 3871 atque
756 3782 913 3869 sulphure
933 3778 1036 3842 multo
1059 3777 1192 3857 affusis,

138 3900 168 3947 et
184 3885 257 3974 igne
275 3886 436 3968 subjectu,
456 3902 715 3950 concremarunt.
733 3884 782 3947 Ibi
799 3905 903 3970 quum
924 3882 983 3944 alia
1003 3896 1078 3967 post
1099 3879 1193 3942 aliam
1223 3870 1231 3885 '

138 4008 207 4073 pars
223 3984 393 4051 mu'rorum
413 3988 557 4069 arderet,
575 4005 607 4051 et
622 4002 840 4076 superstantes
861 3984 948 4072 gravi
971 3983 1064 4045 ruina
1083 3980 1194 4067 oppri-

140 4106 319 4169 merentur,
339 4089 434 4153 ctiam
455 4091 511 4177 qui
527 4091 654 4177 longius
672 4113 690 4151 a
707 4087 850 4175 periculo
872 4087 1019 4163 aberant,
1037 4081 1197 4146 commili-

140 4204 250 4256 tonum
267 4191 400 4255 inten'tu
415 4193 533 4271 territi,
550 4190 749 4278 despondere
765 4190 889 4252 animos
905 4191 1084 4274 coeperunt.

180 4292 298 4356 XXVI.
312 4293 443 4355 Summa
456 4293 543 4356 euim
557 4292 767 4355 contentione
778 4313 796 4352 a
808 4289 959 4352 Romanis
971 4282 1196 4373 pugnabatur;

173 4463 281 4527 §XXIL
295 4465 411 4513 Posiden.
421 4465 485 4529 apud
497 4465 626 4522 Athen.V‚
639 4471 677 4520 rt.
690 4489 722 4500 -
736 4461 842 4524 Appiam
