2670 5018
205 761 261 828 IN
294 760 408 827 LOC.
433 760 529 829 LlB.
555 758 756 827 LXXXVI
785 759 998 828 LIVIANI.
1066 758 1132 861 169

77 900 151 940 num
165 877 285 941 sectari
298 899 464 940 necessum
480 877 610 958 habuit,
623 901 660 940 ex
670 876 843 941 Alexandri
856 877 964 967 Magni
975 879 1058 946 duce
1070 907 1130 971 po-

77 977 292 1041 tentissimum
310 977 390 1040 Asiae
405 1001 535 1067 regem3
552 1001 570 1042 a
586 999 653 1064 quo
670 978 765 1041 etiam
785 979 898 1041 fuisset
914 980 1055 1063 occisus,
1070 985 1131 1048 nisi

78 1081 147 1167 luga
163 1095 322 1142 servasset
331 1079 475 1143 salutem.
492 1080 711 1144 Somniaverat
721 1080 902 1168 Antigonus
909 1079 972 1164 (res
984 1083 1070 1145 euim
1085 1077 1133 1149 est

79 1201 139 1241 non
157 1179 291 1267 indigna
307 1178 421 1264 relatu)
438 1202 472 1243 se
487 1202 602 1268 agrum
619 1203 698 1243 auro
709 1202 895 1260 conserere,
912 1181 1131 1249 Mithridatem

78 1302 150 1344 vero
164 1279 352 1345 demessum
369 1303 485 1345 aurum
498 1297 661 1368 asportare
673 1283 706 1344 in
718 1282 871 1346 Pontum.

118 1382 210 1446 XXI.
230 1382 369 1445 Laborat
382 1383 446 1446 hoc
461 1383 557 1446 etiam
576 1382 706 1446 insaniae
717 1405 835 1470 genere
848 1384 1029 1447 humanum
1041 1382 1132 1475 inge·

81 1483 166 1545 nium
175 1531 184 1563 ,
194 1499 234 1546 ut
245 1498 278 1545 et
293 1483 538 1569 praedictionum
547 1483 662 1546 harum
677 1500 777 1546 ratam
790 1505 858 1548 esse
867 1483 963 1549 fidem
976 1501 1084 1572 putet,
1101 1504 1134 1550 et

81 1580 177 1645 nihilo
198 1582 303 1646 secius
322 1605 465 1673 pugnare
487 1606 563 1646 cum
581 1583 645 1648 lato
666 1600 812 1648 conetur.
830 1585 933 1674 Igitur
949 1586 1132 1675 Antigonus

82 1681 255 1746 tollendum
266 1682 307 1745 de
319 1682 425 1747 medio
433 1682 653 1748 Mithridatem
663 1699 749 1746 ratus
757 1733 767 1766 ,
776 1707 844 1747 rem
857 1699 956 1747 totam
966 1687 1132 1750 Demetrio

80 1783 218 1869 aperuit,
235 1783 300 1847 lilio
318 1807 387 1848 suo.
401 1786 505 1873 Atque
522 1785 574 1846 ille
591 1785 741 1848 misertus
753 1784 869 1848 sodalis
888 1801 921 1848 et
936 1786 1047 1867 amici,
1065 1810 1131 1850 non

81 1883 227 1969 equidem
236 1908 315 1948 voce
328 1885 475 1965 monuit,
493 1907 534 1948 ne
541 1883 767 1964 jusjurandum
779 1885 860 1973 patri
871 1883 982 1948 datum
996 1885 1132 1969 lalleret,

81 1983 147 2065 sed,
164 1983 220 2047 illo
239 1984 445 2072 inspiciente,
463 1985 496 2047 in
516 2008 610 2047 arena
635 1985 781 2072 depinxit
801 1985 906 2048 hastili
929 1985 995 2049 duo
1019 1988 1132 2070 verba,

80 2082 187 2169 lugere
206 2084 325 2162 jubens
343 2084 572 2150 Mithridatem.
598 2088 706 2172 Atque
724 2086 776 2150 ille
795 2109 869 2150 cum
891 2109 946 2150 sex
969 2088 1132 2174 equitibus

80 2184 233 2274 profugit,
246 2203 468 2274 occupatoque
482 2187 621 2268 castello,
634 2187 686 2250 cui
698 2210 816 2251 nomen
827 2204 893 2251 erat
904 2187 1044 2270 Ciniato,
1057 2190 1132 2253 Iun·

81 2283 264 2349 (lamentum
280 2286 357 2367 jecit
372 2288 439 2367 ejus
453 2288 558 2376 regni,
575 2285 665 2375 quod
680 2287 712 2349 in
728 2301 838 2350 octava
856 2284 988 2349 demum
1003 2308 1132 2352 succes·

81 2385 167 2449 sione
183 2389 325 2450 romanis
341 2389 436 2451 armis
453 2388 660 2477 subjugatum
672 2404 729 2451 est.

119 2488 227 2551 XXII.
251 2488 354 2575 Igitur
369 2504 401 2551 et
414 2488 588 2551 conditoris
607 2504 823 2577 cognomento
836 2487 1030 2568 celebratur,
1043 2489 1133 2574 qnod

80 2587 143 2672 ipse
162 2588 304 2675 primum
328 2587 378 2651 sui
397 2586 477 2665 juris
501 2609 637 2676 regnum
659 2588 697 2650 iis
719 2588 797 2651 locis
818 2611 910 2651 orsus
930 2604 995 2669 est,
1012 2578 1148 2675 quibus

80 2704 148 2751 onte
165 2688 397 2752 Ariobarzanes
406 2688 553 2775 Phrygiae
567 2703 709 2775 satrapa,
724 2704 756 2752 et
764 2686 964 2752 Ilhodobatae
973 2688 1057 2752 filius
1069 2691 1132 2753 Mi·

80 2787 246 2868 thridates,
263 2789 319 2876 qui
336 2788 477 2851 Platonis
493 2788 665 2877 imaginem
684 2786 840 2851 dedicavit
854 2783 973 2867 Musis,
988 2790 1132 2875 precario

79 2913 134 2976 pro
150 2913 265 2978 regum
276 2890 473 2978 persicorum
489 2890 672 2978 purpuratis
684 2888 906 2976 praefectisque
918 2890 1110 2975 praefuerant
1123 2914 1130 2954 :

80 3013 149 3054 nam
164 3014 183 3053 a
196 3007 320 3079 septem
333 2991 436 3053 Persis
450 2989 598 3069 oriundi,
616 2989 720 3053 datam
733 2988 859 3052 aDorio
872 3012 946 3076 rege
958 2987 1132 3068 majoribus

80 3091 140 3153 suis
153 3090 194 3154 ad
212 3090 376 3154 Euxinum
394 3091 537 3154 Pontum
555 3090 744 3178 satrapiam,
764 3105 917 3177 perpetua
931 3091 1133 3155 successione

80 3191 272 3255 tradiderant
283 3191 429 3279 posteris.
439 3192 589 3273 Quorum
601 3190 747 3254 omnium
760 3191 1001 3277 potentissimus
1012 3192 1135 3254 Mithri·

80 3290 180 3373 dates,
198 3315 301 3380 quum
329 3309 362 3355 et
384 3293 543 3372 majorum
565 3292 817 3380 antiquissimam
839 3292 987 3379 gloriam,
1006 3309 1038 3355 et
1060 3307 1130 3355 tum

79 3393 202 3456 omissas
215 3416 332 3481 nuper,
345 3411 415 3457 tum
425 3394 613 3480 superstites
622 3392 729 3456 adhuc
740 3416 817 3479 opes
829 3393 938 3455 animo
952 3408 1133 3478 reputaret,

81 3516 140 3557 non
152 3496 228 3558 satit
239 3495 360 3559 fractus
371 3518 438 3558 uno
451 3494 552 3574 hello,
563 3494 687 3558 romani
699 3492 811 3580 populi
823 3508 948 3556 vastum
961 3491 1135 3578 imperium

80 3594 187 3660 iterato
198 3596 337 3685 sumptis
347 3597 443 3660 arinis
454 3618 640 3685 oppugnare
657 3592 806 3658 audehat.

109 3781 282 3845 §xxtsetue
295 3784 401 3830 Demetr.
417 3799 471 3848 cap.
487 3783 510 3830 5.
524 3811 559 3819 -
571 3783 678 3848 Appiam
693 3809 728 3819 ·-
742 3782 820 3830 Strab.
829 3780 873 3828 lib.
884 3783 949 3838 Xll,
960 3795 1015 3845 pag.
1029 3781 1087 3827 562.
1100 3809 1135 3855 -7

82 3864 176 3914 Diodor.
187 3866 231 3915 tib.
244 3868 304 3925 XV,
312 3883 366 3931 cap,
379 3866 638 3930 9⁰·-D10s1101t
653 3866 679 3912 in
692 3865 754 3914 Plat.
765 3893 797 3901 -
809 3864 875 3912 Flor.
888 3864 941 3920 Ill,
957 3863 980 3911 5.
990 3891 1022 3900 -
1033 3863 1135 3916 Lucian,

81 3947 102 3992 ln
119 3949 229 3998 Maerob.
