2670 5018
143 671 190 755 lq
313 669 378 736 JO.
404 666 736 738 FREINSHEMII
766 666 1007 737 SUPPLEM.

186 790 257 855 Vll.
269 788 371 854 Simul
382 787 483 851 muta
491 785 534 853 de
543 786 724 876 republica,
735 786 837 850 multa
846 784 889 850 de
899 785 965 850 suis
974 784 1098 866 injuriis
1108 807 1186 872 que·

143 908 227 973 stus,
240 905 326 955 veste
337 891 484 972 lacerato,
501 888 542 955 de
553 889 704 955 tribuurli
716 887 849 969 desiliit,
860 901 907 967 et,
917 885 951 950 in
964 883 1188 951 medismcon·

140 992 266 1056 cioncm
280 990 378 1055 misso
391 1012 544 1079 corpore,
557 989 616 1057 diu
624 990 725 1071 pouit
736 989 845 1071 humi3
858 987 963 1053 donec
977 987 1114 1076 permoti
1127 988 1187 1050 mi·

141 1089 327 1172 sericordin,
339 1091 395 1178 qui
410 1090 559 1174 oderent,
576 1107 746 1157 erexerunt
755 1090 937 1170 hominem,
951 1103 985 1153 et
995 1089 1029 1153 in
1038 1104 1188 1178 suggesto

140 1208 370 1279 reposuerunt,
385 1191 582 1281 redditisqtte
590 1193 773 1274 lictoribus,
788 1191 878 1256 bono
887 1189 995 1254 enimc
1008 1212 1077 1255 esse
1084 1191 1188 1272 jusse-

140 1306 218 1354 runt
231 1313 239 1354 :
256 1314 307 1368 se,
323 1291 521 1382 ubicumque
534 1315 617 1383 opus
628 1310 728 1375 esset,
740 1291 880 1381 erupistis
895 1293 964 1371 ejus
979 1308 1184 1379 sequuturos.

52 1440 62 1455 .
141 1389 208 1455 llac
223 1393 429 1459 inclinatione
441 1395 528 1485 vulgi
541 1416 599 1459 uss
612 1417 684 1484 pers
697 1393 903 1460 tribuumum
917 1407 1010 1458 antec
1020 1409 1186 1481 corrupta,

140 1492 327 1559 conscendit
341 1495 497 1580 tribunal,
513 1509 778 1584 sacramentoque
792 1492 897 1575 dicto,
912 1514 988 1558 suos
1001 1493 1139 1581 quisque
1153 1493 1187 1556 in

138 1595 236 1658 verba
251 1593 287 1660 L.
298 1593 409 1661 Cinnae
423 1596 564 1661 consulis
578 1595 694 1686 adegit.
1074 1600 1081 1611 “

183 1693 270 1759 Vlll.
286 1695 413 1778 Quibus
424 1696 522 1762 rebus
534 1697 699 1786 perlectis,
713 1697 834 1762 circum
848 1694 946 1760 urbes
955 1693 1117 1759 sociorum
1127 1692 1188 1759 dis·

140 1795 256 1878 currit,
272 1796 329 1884 qui
344 1819 449 1886 nuper
457 1813 550 1864 erant
561 1800 596 1862 in
608 1794 767 1864 civitatem
777 1795 940 1888 leqeluliu
954 1796 1091 1884 recepti,
1103 1818 1187 1883 quo·

140 1919 279 1986 cumque
297 1897 494 1982 advenisset,
511 1899 566 1967 toli
582 1900 685 1965 ferme
702 1898 852 1964 'ontione
867 1917 946 1961 usus
961 1918 970 1960 ι
987 1924 1002 1951 ι
1012 1894 1188 1960 Consulem

139 2027 152 2050 ι
162 1998 276 2086 populi
294 2000 437 2083 romani,
459 2023 501 2066 ιιι
516 2023 594 2067 vero
615 1999 758 2066 exsulem
780 1997 893 2063 advos
907 1996 1032 2062 venisse
1051 1996 1188 2084 putetis,

141 2099 312 2182 «interest,
338 2102 431 2168 cives.
454 2102 552 2167 lllum
574 2102 656 2166 mihi
678 2101 837 2167 honorem
859 2099 958 2165 libere
979 2097 1097 2162 civium
1120 2097 1189 2162 sul·

139 2198 260 2289 «fragis
286 2200 465 2284 dederunt,
496 2203 579 2268 lssnc
605 2204 769 2268 fortunam
795 2215 908 2289 ceptus
935 2197 1187 2264 adversariorum

139 2303 305 2389 «potentis
318 2320 448 2369 senatus
467 2304 648 2392 imposuit:
666 2324 741 2367 cum
758 2316 830 2365 utra
848 2316 938 2388 parte
953 2321 1013 2363 vos
1029 2298 1187 2379 sentietis,

139 2432 152 2457 «
161 2404 287 2467 tametsi
300 2403 448 2470 dubitare
463 2427 530 2469 non
544 2402 696 2484 deheim,
712 2401 796 2467 malo
810 2416 916 2466 umen
930 2400 1069 2465 exvobis
1083 2422 1190 2464 coram

140 2526 365 2592 *cognoscere
384 2505 465 2570 Mihi
480 2527 556 2570 sane
575 2527 661 2571 curm
678 2502 833 2590 cordique
848 2501 926 2584 luit,
944 2518 998 2584 ut,
1014 2525 1087 2591 quse
1098 2502 1191 2567 vobis

139 2627 311 2670 «concessa
333 2605 470 2694 dataque
486 2605 605 2671 dicitur
625 2605 752 2686 civitas,
771 2602 839 2683 ejus
859 2602 932 2683 jure
949 2601 1192 2690 commodisque

140 2726 236 2768 «vere
248 2705 457 2772 frueremini:
473 2730 578 2796 neque
593 2706 757 2772 veteribus
773 2704 897 2770 civibus
918 2704 999 2768 meis
1014 2703 1084 2768 lieri
1104 2703 1189 2784 inju-

140 2803 241 2867 «riam
260 2805 369 2887 rebar,
390 2809 417 2871 si
434 2830 491 2896 per
511 2829 563 2872 me
584 2807 737 2873 ellectum
756 2820 857 2887 esset,
874 2822 912 2870 ut
926 2805 1112 2886 vobiscum,
1129 2804 1192 2868 hoc

140 2920 228 2985 aest,
244 2928 320 2970 cum
335 2908 442 2973 amicis
460 2910 669 2999 cognatisque
684 2909 768 2989 suis,
785 2907 890 2972 nubili
906 2928 983 2995 prce
998 2921 1097 2993 utque
1111 2929 1192 2971 cou-

140 3037 153 3060 «
162 3004 273 3070 cordia
288 3009 511 3075 coalescerent.

184 3107 242 3172 lx.
257 3107 472 3193 uSedvidete,
483 3127 603 3199 quantu
613 3111 655 3176 sit
667 3112 838 3176 hominum
849 3109 1016 3198 iniquitas,
1030 3122 1192 3194 etqutntn

141 3207 302 3274 «invidia2
320 3212 441 3278 nullam
462 3215 570 3302 potius
591 3213 750 3278 civitatem
774 3234 884 3291 susm,
905 3231 1004 3298 quum
1025 3208 1192 3272 vobiscum

140 3335 231 3376 «esse
251 3335 477 3396 communem,
493 3315 617 3381 volunt.
639 3314 729 3379 Idem
752 3314 805 3378 ille
826 3327 972 3391 senatus,
993 3308 1086 3387 cujus
1104 3331 1193 3372 nuuc

140 3435 281 3477 «nomen
296 3414 524 3480 scelestissimis
534 3415 674 3480 consiliis
686 3413 919 3502 prescribitur,
933 3410 1030 3499 paulo
1042 3425 1116 3473 ante
1125 3431 1195 3473 sen·

142 3530 263 3598 «serat,
282 3538 348 3581 non
362 3516 421 3581 ulis
438 3517 563 3582 ratione
575 3515 705 3579 retineri
720 3515 911 3603 imperium,
929 3511 1034 3600 pccsri
1051 3511 1192 3591 ltaliam,

144 3618 283 3680 uservari
300 3617 427 3684 Urbem·
442 3639 554 3706 posse,
575 3638 673 3704 quem
690 3616 717 3680 si
734 3613 909 3680 fidelissimi
926 3614 1105 3690 sociorum,
1122 3609 1193 3674 dcte

143 3717 307 3799 ncivitste,
332 3720 364 3782 in
389 3719 535 3786 camdem
558 3740 686 3784 censam
711 3716 982 3806 pertraherentur.
1007 3711 1105 3796 Atqui
1131 3711 1195 3773 hoc

143 3817 351 3899 «consilium,
370 3842 473 3906 quum
495 3842 562 3885 non
584 3819 728 3908 prudens
751 3814 850 3882 modo
868 3830 900 3879 et
919 3814 1119 3890 hunnnum,
1137 3809 1195 3874 sed

144 3919 260 3982 «etium
277 3918 351 3984 lelix
368 3920 495 4002 luisset,
516 3943 621 4009 coque
634 3938 729 4008 psctc
745 3918 860 3984 sociale
882 3914 1001 3979 bellum
1019 3911 1060 3975 sd
1080 3929 1196 3975 tenues

143 4048 156 4074 ι
165 4018 329 4084 redactum
342 4021 489 4108 reliquins
499 4038 582 4086 esset
593 4045 601 4085 :
613 4022 759 4086 exstitere
768 4035 890 4091 tamen,
903 4013 959 4103 qui
970 4036 1026 4102 per
1036 4032 1195 4075 summanr

144 4151 157 4175 s
167 4118 402 4209 improbitnpem
418 4121 549 4186 turbare
563 4123 739 4212 composita
755 4120 904 4197 mallent,
917 4137 1014 4203 quarn
1027 4111 1132 4177 turbis
1143 4110 1199 4175 de·

145 4226 338 4291 «sideratum
356 4225 413 4290 diu
429 4226 526 4291 linem
541 4228 716 4314 imponere.

180 4407 196 4474 s
207 4406 263 4455 Vll.
275 4407 336 4456 Vell.
346 4409 383 4468 11,
393 4425 435 4456 to.
450 4435 483 4447 -
494 4408 600 4473 Appisn.
