2670 5018
331 742 382 810 ΙΝ
411 743 520 811 LOC.
547 743 641 811 LIB.
669 744 735 811 XC
763 743 976 827 LIVIANI.
1121 744 1191 815 215

133 861 273 927 norificoe
288 884 348 950 per
365 861 496 927 ordines
514 862 692 927 acclamatae
708 881 805 945 sunt;
820 865 1027 954 incipientem
1043 884 1191 932 senatum

131 988 245 1054 eques,
262 965 407 1053 equitem
420 965 511 1052 plebs
524 965 713 1053 excipiebat.
731 964 794 1031 Sed
811 988 877 1030 non
893 965 979 1031 idem
990 969 1143 1033 omnibus
1157 971 1192 1033 iu

131 1066 198 1154 pari
216 1063 440 1138 testificatione
453 1067 626 1131 voluntatis
640 1067 768 1132 animus
782 1084 850 1133 erat
860 1091 868 1133 :
879 1091 953 1156 pars
967 1093 1042 1134 vere
1056 1070 1192 1160 deflebat

130 1168 308 1250 amissum,
329 1168 436 1232 caeteri
461 1167 669 1232 Sullanorum
690 1185 861 1256 praesentes
885 1170 1012 1257 copias,
1034 1187 1067 1234 et
1087 1173 1192 1258 ipsum

130 1269 254 1350 adbuc,
269 1291 457 1357 quanquam
473 1269 537 1333 vita
555 1269 691 1350 orbum,
710 1269 909 1334 metuebant.
924 1269 988 1333 Pro
999 1271 1122 1333 Rostris
1140 1294 1193 1335 ca·

131 1371 248 1437 dovere
262 1371 385 1461 posito,
401 1369 548 1434 laudatus
562 1385 611 1435 est
623 1369 664 1433 ab
675 1370 784 1457 aliquo
800 1369 1013 1452 disertorum,
1029 1371 1195 1459 quiaFau·

131 1489 200 1537 stus
223 1471 311 1537 filius
332 1470 481 1537 nondum
504 1488 636 1536 maturae
657 1471 758 1536 tetaus
774 1487 851 1535 erat.
869 1472 904 1536 L.
917 1472 1102 1560 Philippum
1118 1470 1195 1537 huic

132 1572 242 1638 officio
266 1573 428 1638 delectum
454 1572 668 1653 crediderim,
695 1572 752 1661 qui
780 1587 850 1635 tum
873 1587 965 1636 aetate
988 1588 1021 1635 et
1044 1570 1194 1636 facundia

133 1689 265 1739 ceteros
286 1673 447 1753 anteibat;
469 1672 587 1739 deinde
612 1673 757 1738 sublatus
779 1689 965 1738 senatorum
985 1674 1130 1753 humeris
1149 1674 1194 1739 le·

133 1793 203 1841 etus
219 1778 254 1841 in
271 1799 424 1865 campum
436 1776 593 1840 lllartium
608 1775 799 1864 deportatus
814 1791 881 1856 est,
897 1775 955 1840 ubi
969 1774 1198 1840 tantummodo

133 1901 248 1968 regum
266 1895 360 1943 erant
373 1892 597 1943 monumenta.
1150 1950 1155 1960 Ι

175 1979 266 2044 Vlll.
289 1978 360 2043 Sub
381 2001 500 2043 nonam
524 1978 589 2042 diei
614 1978 726 2043 horam
746 1980 781 2042 in
804 2000 954 2065 campum
974 1994 1022 2043 est
1038 1993 1197 2060 ventum3

134 2081 209 2168 quia
231 2079 352 2145 nebula
374 2080 549 2161 matutina,
573 2103 614 2143 ne
641 2079 776 2144 celerius
801 2080 942 2161 exuent,
965 2079 1081 2166 pluviae
1106 2096 1195 2145 metu

134 2197 299 2247 curatores
315 2181 437 2245 limeris
451 2179 639 2245 tardaverat.
652 2183 737 2245 Tum
756 2182 926 2269 impositus
943 2203 1027 2270 rogo
1039 2197 1102 2262 est,
1119 2204 1196 2246 curn

134 2282 256 2373 ingenti
270 2282 302 2345 vi
320 2279 478 2363 odorum,
495 2305 578 2370 quos
594 2281 676 2347 adeo
694 2282 815 2347 liberali
832 2304 932 2345 manu
942 2297 1100 2349 mamonae
1114 2305 1194 2346 oon·

135 2384 293 2465 tulerant,
316 2399 356 2447 ut
379 2398 495 2470 prteter
515 2382 655 2449 ducenta
679 2383 791 2448 decem
816 2382 956 2464 fercula,
979 2381 1073 2447 Sullas
1095 2383 1198 2469 ipsius

134 2485 342 2549 simulacrum
349 2484 435 2566 justa
442 2484 680 2573 magnitudine,
691 2485 854 2572 simulque
864 2484 986 2548 lictoris
997 2484 1103 2573 imago
1115 2483 1198 2548 fictae

134 2585 254 2651 luerint
272 2608 312 2650 ex
325 2587 451 2673 optimo
470 2601 542 2651 ture
556 2601 590 2650 et
604 2586 822 2667 cinnamomo.
839 2587 916 2649 llaec
931 2584 1041 2649 omnia
1059 2582 1194 2651 llmnmis

134 2703 346 2776 consumpta:
362 2710 436 2751 nam
447 2686 582 2752 eremari
593 2686 717 2775 primus
729 2709 748 2751 e
759 2685 901 2774 patriciis
914 2685 1072 2750 Corneliis
1085 2686 1195 2750 volue-

134 2803 197 2870 rat,
215 2811 321 2876 quum
336 2787 404 2868 ejus
420 2788 530 2877 gentis·
539 2788 662 2852 mortui
677 2810 821 2875 semper,
832 2787 966 2867 ,intactis
984 2789 1059 2877 ig'ne
1075 2809 1193 2876 corpo·

135 2889 242 2969 ribus,
259 2905 342 2954 terra
360 2905 557 2980 tegerentur.
570 2889 609 2953 ld
624 2894 665 2953 e'o
679 2890 800 2957 lautum
814 2904 947 2978 putant,
964 2889 1039 2976 quia
1053 2890 1089 2954 C.
1100 2889 1193 2954 Marii
1248 2969 1251 2974 .

135 2990 283 3077 reliquias
310 2988 351 3053 arl
372 2990 531 3054 Anienem
553 2989 647 3071 sitas,
670 3006 802 3055 mortuo
830 3013 962 3078 quoque
986 2990 1194 3078 implacabilis

136 3089 254 3174 hostis,
263 3090 368 3180 spargi
379 3091 412 3153 in
426 3089 545 3155 flumen
556 3091 711 3172 jusserat,
724 3107 772 3173 et,
789 3114 830 3157 ne
841 3091 902 3155 sibi
916 3091 1089 3173 accideret,
1104 3091 1194 3180 quod

138 3191 170 3253 in
185 3192 320 3257 alterum
337 3193 515 3273 statuisset,
532 3193 707 3258 metuebat.

181 3292 239 3357 IX.
254 3292 405 3357 Mortuus
415 3294 481 3375 jam
497 3293 639 3375 Marius,
653 3310 803 3359 mortuus
815 3293 918 3373 Sulla,
935 3293 1076 3358 civilium
1092 3290 1195 3357 bello-

135 3416 209 3457 rum
222 3394 385 3459 sanissimi
401 3393 520 3476 duces,
537 3409 649 3476 eraut,
668 3393 726 3458 sed
743 3394 893 3461 vivebant
908 3392 1015 3458 adhuc
1027 3393 1061 3457 in
1079 3393 1194 3457 animis

134 3496 343 3583 superstitum
356 3493 541 3577 discordiae,
556 3512 589 3561 et
598 3497 687 3561 velut
699 3494 741 3559 ab
753 3495 824 3584 ipso
837 3493 936 3575 hujus
949 3515 1030 3581 rogo
1043 3514 1194 3572 accensae,

135 3597 218 3663 intes·
229 3595 404 3663 rsdeumm
419 3597 460 3662 ab
475 3598 633 3686 exsequiis
649 3597 799 3662 consules
813 3594 920 3659 statim
936 3593 1059 3659 acerbis
1077 3616 1196 3659 sermo·

135 3697 232 3763 nibus
246 3715 447 3765 exarserunt.
461 3699 658 3764 Seditiosum
675 3697 786 3786 Lepidi
804 3696 973 3785 ingenium
987 3711 1095 3759 metus
1107 3695 1194 3777 judi·

133 3797 261 3865 sionim
273 3799 476 3883 stimulabat,
493 3818 532 3866 ut
543 3824 595 3867 res
613 3800 753 3882 turbari,
767 3798 858 3865 valde
871 3821 929 3862 sua
945 3798 1098 3863 interesse
1105 3798 1194 3879 jndi-

133 3915 219 3967 esset
239 3923 250 3965 a
269 3921 345 3965 nam
367 3901 412 3969 ob
438 3904 646 3991 exspoliatam
669 3900 862 3981 Siciliam,a
886 3898 1016 3965 duobus
1040 3899 1194 3983 Metellis,

132 4002 244 4067 Celere
268 4018 303 4067 et
325 4002 472 4091 Nepote,
497 4004 622 4093 legibus
647 4004 884 4091 interrogatus,
912 4001 1057 4088 quamvis
1082 4001 1128 4066 illi
1150 4002 1195 4066 ob

133 4104 266 4191 gratiam
280 4103 351 4183 ejus
367 4103 454 4193 apud
474 4105 633 4194 populum
649 4105 725 4169 victi
739 4104 946 4185 destiterant,
962 4102 1130 4168 absolutus
1146 4119 1195 4167 ta·
1274 4117 1290 4145 ‘-

134 4226 207 4269 men
225 4228 294 4268 non
312 4221 397 4287 erat,
418 4222 466 4289 et,
485 4229 526 4270 ne
548 4205 723 4294 aliquando
740 4219 945 4272 revocaretur
964 4204 998 4268 in
1017 4201 1195 4284 judicium,

164 4415 182 4482 s
194 4419 253 4468 vu.
263 4417 388 4467 l’lutsrelr.
398 4444 431 4455 -
442 4417 540 4468 Sallust.
551 4419 615 4467 lliss.
625 4418 650 4475 1,
664 4417 899 4483 rr.-Appian.-
909 4414 925 4481 s
935 4417 1003 4464 vul.
1015 4415 1066 4465 (ae
1080 4413 1112 4465 ds
1124 4415 1197 4473 Lea.

135 4501 174 4560 ll,
192 4517 235 4553 aa.
249 4501 425 4563 -1¹tin.vt1,
439 4503 481 4559 ⁵⁴·
