2670 5018
67 39 202 387 Ι
226 39 232 378 Ι
1116 364 1119 371 t

284 757 337 824 ΙΝ
367 756 477 823 LOC.
503 755 597 821 LIB.
625 754 802 823 LXXXV
828 755 1038 822 LlVlANI.
1125 750 1191 824 153

130 879 205 941 tiare
217 874 303 940 dixit
314 874 454 940 Bellonae
461 875 571 956 jussu,
582 890 735 939 caeterum
747 876 780 938 ni
793 891 983 957 maturaret,
997 876 1191 964 Capitolium

130 999 304 1043 arsurum:
327 975 426 1063 idque
448 978 568 1039 factum
592 992 641 1040 est
662 1000 691 1041 a.
715 977 746 1041 d.
770 975 874 1064 pridie
897 998 999 1040 nonas
1021 978 1192 1063 quintiles,

131 1102 228 1168 quem
237 1078 293 1142 ille
306 1077 392 1142 diem
403 1076 600 1166 praedixerat.
613 1076 659 1140 Ea
672 1101 721 1141 res
733 1077 871 1166 prodigii
881 1077 954 1140 loco
965 1076 1091 1159 habita,
1103 1078 1193 1166 quod

132 1204 267 1246 summae
282 1179 445 1269 religionis
459 1180 632 1267 templum,
647 1202 744 1267 supra
757 1202 860 1243 annos
877 1178 1131 1268 quadringentos
1146 1204 1196 1244 ac·

133 1281 331 1346 curatissima
347 1281 493 1345 custodia
509 1280 626 1345 servari
642 1282 792 1362 solitum,
807 1304 849 1345 ne
862 1282 987 1370 origine
999 1281 1131 1369 quidem
1143 1282 1194 1345 in·

134 1383 238 1448 cendii
253 1383 403 1471 cognita,
418 1406 517 1447 unam
529 1383 615 1447 intra
626 1401 755 1447 noctem
766 1381 978 1473 deflagrasset.
990 1383 1105 1446 Libros
1117 1405 1198 1469 quo·

134 1507 195 1571 que
201 1484 394 1572 Sibyllinos,
404 1507 487 1571 quos
496 1484 530 1548 in
540 1507 576 1549 ea
585 1482 653 1547 aede
659 1485 854 1571 Tarquinius
864 1485 1037 1565 locaverat,
1050 1484 1103 1547 ille
1112 1484 1195 1572 ignis

136 1585 250 1650 hausit.
265 1584 392 1649 AEditui
409 1585 637 1674 negligentiam
650 1586 719 1665 alii,
736 1585 868 1673 quidam
884 1585 1013 1648 insidias
1028 1586 1143 1666 fuisse3
1162 1583 1196 1647 id

137 1709 267 1774 quoque
279 1687 382 1767 varie,
395 1687 577 1751 Carbonem
590 1687 659 1750 aliis
676 1702 733 1750 aut
749 1687 914 1761 consules,
930 1686 999 1749 aliis
1009 1686 1131 1750 Sullam
1149 1685 1197 1747 in·

137 1790 341 1869 amantibus,
357 1811 473 1878 magna
490 1811 563 1878 pars
581 1787 741 1852 flammam
761 1788 914 1853 divinitus
931 1788 1128 1869 immissam,
1147 1787 1195 1849 uti
1266 1783 1268 1787 ’

138 1892 253 1978 cuique
272 1913 364 1955 mens
381 1890 573 1970 dictaverat,
590 1890 728 1979 cogitata
741 1911 802 1977 pro
819 1889 992 1976 compertis
1008 1887 1195 1951 afferebant.

177 1994 217 2056 V.
238 1994 343 2056 Vestae
358 1993 515 2079 templum
529 1991 590 2055 sub
609 1991 694 2055 idem
716 2006 844 2077 tempus
863 1989 994 2078 ignibus
1013 2001 1198 2075 correptum

140 2093 269 2156 minime
281 2093 376 2156 certis
396 2091 538 2155 incendii
554 2092 741 2155 auctoribus
758 2090 913 2170 traditur,
930 2107 982 2169 et,
1000 2105 1201 2152 motuterrae

140 2193 235 2256 multa
253 2193 287 2255 in
306 2193 394 2256 Urbe
416 2192 533 2280 templa
553 2193 730 2273 corruisse,
748 2192 833 2255 inter
852 2192 944 2254 istius
962 2190 1036 2253 belli
1055 2189 1201 2278 prodigia

140 2294 272 2357 relatum
287 2309 357 2356 est:
372 2292 503 2357 additur
523 2310 556 2356 et
576 2295 671 2358 mulae
690 2310 800 2381 partus
811 2316 820 2374 3
833 2308 867 2356 et
881 2292 1024 2355 mulieris
1042 2295 1115 2354 nisu
1133 2312 1201 2354 ser·

140 2414 214 2479 pens
227 2393 263 2455 in
276 2393 405 2456 Etruria
416 2393 504 2480 apud
517 2395 666 2459 Clusinos
680 2394 804 2475 editus,
818 2395 875 2482 qui
886 2394 979 2472 jussu
992 2393 1200 2480 haruspicum

141 2492 170 2555 in
181 2491 398 2579 profluentem
415 2493 575 2573 dejectus,
592 2495 723 2559 adversa
737 2517 821 2582 aqua
837 2495 1001 2558 nataverit.
1019 2493 1081 2558 Sed
1092 2494 1201 2556 omnia

141 2592 203 2657 bec
221 2616 282 2682 pro
300 2595 388 2658 Sulla
406 2595 585 2677 iaciebant,
606 2595 706 2676 dum,
728 2596 915 2660 adversariis
935 2618 1046 2683 aspera
1065 2610 1098 2657 et
1117 2593 1200 2658 foeda

142 2695 289 2780 quelibet
309 2696 518 2778 timentibus,
539 2697 635 2777 hujus
653 2714 759 2786 partes
779 2697 908 2761 utiliore
923 2696 1057 2760 stultitia
1074 2718 1140 2759 suae
1156 2695 1203 2758 vi·

142 2797 243 2860 ctoriae
257 2819 353 2860 causa
367 2796 445 2861 deos
461 2798 521 2861 ista
536 2799 646 2861 omnia
663 2800 769 2862 moliri
783 2799 1047 2886 interpretantur.

181 2898 236 2962 Vl.
256 2898 343 2986 Ergo
361 2900 472 2962 multis
488 2899 648 2987 bonisque
668 2901 708 2964 ad
728 2900 873 2964 eamdem
894 2924 983 2988 spem
1006 2899 1201 2964 confluenti-

143 2997 198 3062 bus
208 2998 376 3085 ,quotidie
389 3001 515 3090 egregia
528 3002 728 3065 incrementa
738 3001 920 3064 sumebant.
935 3001 1083 3064 Metellus
1096 3000 1206 3086 praeci·

144 3121 203 3184 puo
224 3101 457 3164 suscitamcnto
472 3119 558 3183 erat,
580 3125 679 3189 quem
698 3120 814 3166 sanctae
833 3103 1029 3189 integraeque
1052 3116 1204 3164 constan-

144 3200 189 3263 tiae
208 3201 335 3284 vuum,
351 3225 518 3290 nunquam
538 3204 744 3267 adhaesurum
762 3204 806 3267 illi
822 3226 925 3267 causae
941 3204 1119 3289 putabant,
1141 3203 1203 3264 nisi

141 3300 305 3378 justiorem
322 3326 391 3367 esse
407 3305 584 3392 patriaeque
598 3306 760 3369 utiliorem
778 3304 991 3395 cognovisset.
1003 3303 1107 3365 Etiam
1120 3324 1202 3365 con·

143 3405 241 3467 traria·
266 3404 414 3469 factionis
436 3407 530 3470 multi
553 3405 593 3469 ad
615 3407 735 3471 Sullam
759 3405 974 3485 accedebant,
995 3426 1136 3490 quorum
1154 3405 1204 3465 vel

143 3506 320 3593 praecipuus
341 3506 378 3570 P.
392 3508 574 3595 Cethegus,
592 3509 650 3594 qui
668 3530 743 3572 cum
757 3506 860 3571 Mario
879 3507 991 3593 pulsus
1008 3506 1041 3567 in
1057 3504 1204 3567 exsilium

143 3606 264 3687 firerat,
280 3605 397 3670 eodem
410 3630 444 3671 se
461 3608 616 3689 contulit,
630 3606 672 3672 ad
687 3609 812 3682 omnia,
826 3629 898 3693 quae
911 3606 1020 3669 animo
1032 3605 1127 3668 Sullae
1139 3604 1205 3667 col-

144 3705 325 3788 libuissent,
347 3709 562 3773 ministerium
583 3732 680 3774 suurn
699 3710 850 3774 osi'erens.
869 3709 945 3772 Mox
963 3709 1058 3771 etiam
1077 3707 1205 3770 deserto

144 3809 304 3888 Carbone,
319 3825 460 3896 quaestor
478 3812 547 3890 ejus
559 3811 694 3894 Verres,
715 3814 890 3875 interversa
907 3810 1043 3898 pecunia
1056 3810 1204 3899 publica,

145 3910 277 3973 mutavit
300 3908 408 3975 fidem.
432 3913 523 3975 Lucii
549 3935 682 4000 quoque
703 3912 862 4001 Scipionis
883 3929 1023 4000 quaestor
1043 3914 1089 3977 Μ.
1113 3914 1204 3994 Piso,

144 4031 242 4095 quum
263 4012 396 4098 sequius
414 4012 455 4075 de
473 4013 619 4099 partibus
635 4014 696 4077 illis
708 4013 884 4095 judicaret,
907 4037 1012 4101 neque
1034 4014 1203 4101 pecuniam

144 4113 243 4201 attigit
255 4159 264 4192 ,
280 4134 340 4175 nec
353 4112 394 4176 ad
406 4114 581 4178 exercitum
593 4115 757 4202 profectus
769 4132 827 4179 est.

175 4346 507 4410 §w.1tu·eb.lib.tv.-
525 4350 590 4399 Plut.
606 4377 640 4387 -
656 4354 762 4417 Appian.
777 4355 875 4401 -Tac
890 4353 954 4401 llist.
970 4354 1022 4410 111,
1042 4367 1083 4410 7²·
1102 4378 1135 4386 -
1152 4349 1203 4395 Jul.

145 4429 230 4494 ΟΜ.
244 4458 280 4468 -
292 4431 433 4482 caniodor.
446 4462 481 4470 -
497 4435 629 4484 Cic.Vcrr.
643 4436 668 4493 1,
688 4437 732 4494 1³,
745 4447 769 4484 et
779 4438 824 4496 tv,
835 4438 875 4486 31.
896 4464 926 4474 -
944 4435 1008 4484 Veli.
1027 4463 1060 4472 —-
1079 4433 1127 4482 Dio
1138 4431 1206 4501 apud

145 4511 221 4563 Valet.
232 4542 266 4552 -
275 4515 382 4580 Dionys.
392 4518 436 4575 Π,
452 4534 492 4578 7⁰·
