2670 5018
226 751 281 821 IN
312 751 423 818 LOC.
451 751 546 818 LIB.
572 752 735 818 LXXXI
766 753 977 824 LIVIANI.
1087 756 1133 853 89

78 888 147 936 «aut
159 873 254 954 Asia,
266 889 324 936 aut
336 871 462 936 Graecia'
474 886 600 960 gestum
616 872 738 935 bellum
755 888 819 952 est,
836 874 869 935 in
887 897 952 961 quo
969 899 1035 940 non
1054 879 1132 941 insi·

77 975 162 1064 ·gnis
180 997 256 1063 erga
267 975 426 1063 populum
436 996 608 1036 romanum
619 974 775 1037 exstiterit
784 975 1030 1042 Atheniensium
1042 979 1130 1044 fides.

77 1076 194 1155 «Cujus
203 1077 250 1140 rei
262 1098 360 1164 quern
370 1076 559 1164 ampliorem
574 1075 644 1162 ipso
659 1077 782 1163 populo
792 1099 928 1140 romano
939 1094 1051 1142 testem
1061 1103 1133 1168 pro-

76 1177 267 1259 ·ducemus‚
284 1176 463 1265 etquidem
486 1176 656 1240 universo?
678 1199 805 1264 semper
823 1179 926 1259 enim,
943 1194 976 1243 et
991 1181 1023 1243 in
1042 1184 1132 1245 omni

76 1302 143 1359 «re,
159 1279 251 1367 quod
262 1280 386 1366 optima
400 1278 463 1342 fide
475 1295 601 1367 gestum
615 1294 680 1359 est,
697 1277 730 1340 id
740 1279 845 1342 Attica
856 1296 984 1368 gestum
994 1282 1131 1344 Romani

75 1381 199 1443 «soletis
215 1379 334 1443 dicere.
778 1380 780 1383 ’

114 1482 250 1544 XXXV.
269 1481 375 1562 «Quae
385 1503 463 1544 vero
476 1496 589 1544 contra
600 1481 753 1544 Barbaros
771 1482 907 1561 majores
922 1483 1025 1545 nostri
1039 1484 1133 1547 toties

75 1603 235 1669 ·gessere‚
256 1604 442 1668 quanquam
458 1583 541 1646 forte
555 1581 713 1644 invidiosa
730 1604 797 1645 esse
815 1583 859 1645 ob
876 1584 1132 1672 magnitudinem

75 1683 202 1772 «gloriae
213 1682 395 1762 videantur,
416 1699 524 1746 tamen
536 1683 612 1769 quia
626 1705 686 1771 pro
703 1682 817 1746 misera
833 1684 1018 1770 posteritate
1033 1686 1134 1764 majo-

74 1805 164 1845 ·rum
179 1783 315 1872 allegare
329 1784 480 1848 virtutem
497 1783 649 1871 prodest,
667 1784 949 1872 commemoranda
968 1803 1054 1849 sunt.
1070 1786 1132 1850 Sed

75 1881 179 1947 nunde
197 1883 321 1971 potius,
340 1907 437 1970 qunm
454 1884 549 1948 abiis
569 1885 770 1972 temporibus
787 1886 1004 1973 gentibusque
1024 1887 1132 1951 ordie-

75 2006 184 2063 ·mur,
202 1984 236 2047 in
252 1985 370 2071 quibus
384 2010 488 2073 quum
504 2002 609 2049 vester
625 1987 739 2073 aliquis
755 1985 850 2049 dolor
866 1988 977 2068 fuerit,
997 1989 1057 2051 erit
1074 1990 1132 2052 ali-

74 2109 154 2171 ·qua
171 2085 267 2148 etiam
282 2109 322 2149 ex
337 2088 434 2151 relata
446 2088 589 2150 hostium
602 2087 726 2150 ultione
738 2086 906 2174 voluptas?
916 2088 1012 2168 Galli,
1028 2066 1131 2175 quum

75 2187 189 2250 «ttaliae
203 2211 354 2277 magnam
368 2205 509 2276 partem,
526 2153 606 2253 lnox
620 2188 714 2251 etiam
727 2187 950 2250 Macedonium
965 2188 1134 2252 Graeciam·

75 2310 153 2374 «que
170 2288 351 2353 innumeris
371 2291 470 2377 copiis
491 2290 742 2378 oppressissent,
762 2287 803 2351 ad
818 2289 1051 2376 Thermopylas
1066 2314 1131 2353 ma·

74 2388 172 2466 «iores
190 2391 294 2453 nostri
314 2407 547 2472 occurrerunt3
568 2408 717 2477 terraque
735 2406 768 2452 et
784 2390 864 2451 mari
882 2389 1054 2452 fortissime
1071 2390 1130 2454 de-

74 2491 262 2569 ·certand0‚
280 2515 430 2582 magnam
443 2493 633 2556 Graecorum
648 2489 889 2555 multitudinem
906 2508 1086 2556 servarunt.

115 2593 268 2656 XXXVI.
285 2593 397 2676 «Quid
412 2593 649 2680 antiquioribus
670 2592 777 2656 adhuc
796 2592 1014 2680 temporibus,
1032 2592 1128 2673 odii,

74 2708 123 2755 «et
136 2710 248 2757 custos
262 2694 352 2758 urbis
364 2696 525 2758 Minerva!
541 2717 612 2781 quoe
628 2710 697 2756 tum
711 2693 807 2773 urbs,
820 2709 876 2756 aut
888 2695 994 2781 regio,
1011 2711 1067 2758 aut
1082 2695 1132 2757 in-

74 2794 158 2856 ·sula
179 2817 282 2881 prope
302 2795 437 2883 longeve
456 2796 536 2875 fuit,
558 2817 629 2881 quae
646 2817 713 2857 non
732 2795 840 2881 aliquo
859 2796 1011 2882 praeclaro
1029 2797 1129 2861 Athe-

73 2926 84 2948 ι
94 2896 254 2959 niensium
264 2895 406 2960 facinore
417 2894 660 2958 nobilitaretur?
670 2896 840 2958 Marathon
849 2895 989 2959 victoriae
1000 2895 1130 2960 medicae

75 3013 248 3060 «eternum
263 3013 513 3060 monumentum
526 3020 565 3060 ex
576 2996 678 3059 oculis
694 2995 866 3058 hominurn
881 3011 914 3058 et
929 3019 1005 3084 agro
1019 3013 1130 3060 nostro

74 3097 189 3161 «deleri
202 3098 337 3185 poterit;
355 3120 372 3161 e
385 3098 541 3162 memoria
552 3096 684 3183 quidem
696 3118 804 3159 rerum
815 3112 976 3183 gestarum
987 3113 1019 3159 et
1030 3095 1132 3159 admi-

74 3200 216 3262 ·ratione
231 3199 424 3287 posteritatis
439 3214 607 3285 nunqnam
621 3196 790 3260 delebitur.
810 3196 900 3277 Quid
915 3195 1033 3259 deinde
1044 3195 1130 3259 Ihe·

74 3300 253 3363 ·mistocles
268 3316 299 3363 et
310 3299 408 3364 frater
419 3299 487 3378 ejus
501 3297 686 3386 Agesilaus?
705 3298 855 3379 Quorum
870 3297 939 3375 hic,
959 3297 1129 3361 interfecto

73 3401 236 3488 «principe
248 3417 503 3488 purpuratorum
517 3399 704 3479 Mardonio,
719 3420 818 3485 quem
832 3399 972 3460 Xerxem
986 3420 1055 3461 esse
1069 3422 1131 3483 pu·

73 3517 225 3582 «laverat,
240 3502 332 3589 quasi
345 3526 452 3592 regem
466 3502 527 3565 hac
538 3501 670 3564 audacia
684 3524 751 3564 non
766 3501 840 3563 satis
858 3500 1038 3579 terruisset,
1055 3499 1132 3578 inje-

73 3603 134 3665 ·cit
148 3602 258 3666 foculo
273 3625 421 3684 manum,
434 3603 510 3667 tales
520 3601 682 3666 affirmans
696 3624 809 3665 omnes
818 3600 1031 3663 Athenienses
1041 3621 1130 3677 esse;

75 3724 158 3765 nuon
175 3704 330 3767 absimilis
349 3704 393 3767 illi
410 3704 535 3785 Mucio,
552 3703 640 3767 unde
658 3702 765 3766 adhuc
782 3701 994 3785 Sctevolarum
1013 3700 1129 3763 familia

74 3804 202 3866 «Ilomae
220 3803 385 3890 perdurat.

113 3902 281 3968 XXXVII.
299 3904 545 3969 «Themistoclis
561 3923 669 3969 autem
691 3921 754 3968 tam
776 3921 853 3966 nota
871 3919 948 3966 sunt
969 3903 1129 3984 facinore,

75 4018 130 4065 ‹ut
139 4002 246 4066 omnis
259 4003 400 4068 historiae
412 4022 560 4092 oporteat
571 4029 640 4070 csse
652 4006 784 4085 rudem,
796 4006 852 4091 qui
862 4007 921 4069 ista
933 4027 999 4067 non
1012 4020 1130 4068 teneat.

76 4102 368 4191 -Superbissimum
385 4107 472 4168 enim
492 4129 616 4196 regem,
631 4123 664 4169 et
683 4106 778 4170 tantis
797 4105 993 4168 instructum
1013 4105 1130 4193 copiis,

75 4222 225 4291 «quantas
237 4220 294 4268 eut
310 4220 416 4285 autea,
434 4223 490 4270 aut
504 4224 614 4295 postea
626 4208 740 4270 habuit
755 4230 869 4285 nemo,
883 4207 985 4269 nobili
998 4204 1039 4268 ad
1050 4207 1134 4268 Sala·

105 4409 253 4473 Sum.
264 4411 328 4458 VcII.
342 4415 378 4471 11,
393 4416 435 4460 23.
450 4442 483 4450 —
498 4412 514 4478 §
528 4415 637 4461 XXXV.
649 4415 751 4461 Pausian.
765 4414 809 4460 lib.
822 4415 845 4469 1,
858 4413 911 4461 init.
928 4440 961 4449 -
983 4411 998 4476 §
1011 4414 1131 4459 XXXVI.

75 4495 146 4545 &rats
157 4497 200 4546 lib.
210 4498 263 4555 tx,
274 4513 300 4561 p.
313 4496 371 4558 396.
383 4524 416 4534 -
427 4498 495 4546 Stob.
507 4501 584 4546 Serm.
596 4513 619 4556 7.
634 4524 668 4533 -
680 4497 744 4546 Plut.
759 4496 844 4544 Purrll.
856 4513 910 4560 cap.
922 4513 946 4543 2.
