2670 5018
28 4 1251 366 u

14 420 20 437 Ι

33 732 37 738 ’
145 737 192 818 40
216 735 233 800 J
240 738 283 800 O.
300 735 325 799 F
329 731 448 801 REIN
455 733 490 799 S.
505 733 638 801 SUPP.
653 733 703 801 IN
725 729 1176 797 Lo'C.J.1B.Lxxvl11.

144 853 279 932 bantur,
291 851 489 939 inspectante
500 850 729 939 Metrophane,
743 847 885 915 concidit
899 872 909 913 z
923 870 1021 936 quem
1032 847 1193 913 contentia

142 952 221 1017 velis
244 951 422 1042 fugientem
445 950 679 1041 negotiatores,
703 952 761 1041 qui
784 948 1005 1016 crudelitatem
1029 948 1193 1039 regiorum

143 1054 216 1119 Deli
231 1054 484 1142 effirgerant,‘ex
506 1052 630 1119 insidiis
651 1053 772 1135 adorti,
788 1074 872 1116 nova
893 1049 983 1116 clade
1003 1049 1191 1115 afleoerunt

143 1155 285 1220 Bruttius
305 1152 346 1217 ad
361 1154 526 1219 Sciathum
548 1155 686 1219 insulam
703 1153 845 1243 appulsis
866 1150 1018 1231 navibus,
1036 1150 1093 1214 ubi
1111 1173 1192 1239 prae-

143 1258 256 1323 darum
274 1258 512 1346 receptaculum
532 1257 678 1323 Barbarie
698 1272 782 1338 erat,
805 1253 962 1344 oppidum
982 1253 1193 1341 expugnavit,

143 1380 251 1423 servos
264 1359 298 1421 in
315 1380 443 1423 crucem
459 1359 541 1448 egit,
557 1359 732 1425 liberorum
748 1355 926 1446 amputarit
940 1377 1066 1419 manus.

186 1458 271 1524 L111.
291 1459 372 1524 Inde
393 1460 556 1549 profectus
574 1463 607 1525 in
625 1461 792 1540 Boeotiam,
812 1479 914 1548 quum
938 1457 1024 1520 mille
1043 1472 1193 1546 preterea

2 1600 10 1617 2
141 1558 315 1643 hominum
332 1561 455 1648 equites
471 1560 658 1651 peditesque
675 1584 715 1625 ex
731 1558 919 1626 Macedonia
934 1556 976 1623 ad
991 1578 1067 1623 eum
1082 1580 1195 1645 perve-

142 1660 282 1744 nissent,
297 1663 405 1727 ruenti
418 1664 570 1729 torrentis
584 1664 684 1727 instar
696 1661 870 1742 Archelao,
883 1660 987 1750 parvis
1003 1659 1120 1748 copiis,
1136 1658 1194 1723 sed

142 1760 307 1825 excellenti
333 1763 442 1828 animo
468 1763 703 1852 prudentiaque
729 1762 829 1827 fretus
854 1783 889 1827 te
915 1760 1076 1849 opposuit
1096 1758 1194 1848 Apud

141 1861 348 1928 Charoneam
367 1865 448 1930 cum'
457 1866 615 1931 Archelao
628 1882 661 1930 et
673 1864 834 1930 Aristione
850 1861 959 1928 triduo
975 1863 1132 1926 continuo
1146 1878 1195 1925 est

142 1962 329 2027 dimicatum
345 1987 353 2028 :
367 1982 399 2029 et
415 1981 528 2031 contra
544 1967 662 2031 horum
682 1967 747 2029 sim
767 1980 869 2052 atque
883 1963 1061 2052 potentiam
1077 1962 1193 2026 Bruttii

143 2061 244 2127 virtus
260 2064 379 2129 invicta
393 2066 491 2134 stetit.
509 2067 621 2149 Quum
636 2088 730 2154 aequo
746 2080 847 2129 marte
859 2079 1012 2129 certatum
1026 2078 1126 2145 esset,
1137 2064 1195 2127 Ar·

101 2160 104 2165 ⁴
142 2163 289 2248 chelaus,
304 2188 343 2231 eo
358 2166 428 2254 ipso
441 2190 475 2232 se
490 2169 677 2234 inferiorern
686 2166 851 2249 judicans,
864 2162 953 2254 quod
965 2164 1113 2253 superior
1126 2186 1194 2229 esse

142 2287 209 2329 non
225 2268 400 2355 potuisset,
417 2271 535 2333 omissa
548 2269 668 2334 Boeotia
684 2267 725 2333 ad
743 2291 831 2332 mare
846 2267 957 2347 cessit;
976 2264 1080 2330 donec
1095 2263 1194 2328 Lace·

142 2365 377 2433 demoniorum
388 2370 643 2457 Achaeorumque
655 2369 778 2433 auxiliis
789 2384 938 2449 auctum,
952 2370 1117 2430 Romanus
1126 2388 1194 2429 am·

141 2468 225 2555 plius
236 2468 388 2533 lacessere
400 2491 467 2532 non
479 2491 593 2549 ausus,
607 2469 718 2532 Piraeei
728 2469 963 2531 munitionibus
973 2489 1008 2531 se
1019 2465 1194 2544 continuit,

141 2567 183 2631 ad
207 2568 240 2632 id
265 2591 369 2657 usque
392 2585 538 2656 tempus,
558 2590 625 2655 quo
644 2569 827 2656 praemissus
849 2590 868 2631 a
891 2567 979 2630 Sulla
996 2569 1031 2630 L.
1043 2564 1193 2630 Lucullus

141 2682 296 2753 quaestor,
318 2667 478 2732 abstinere
502 2668 664 2732 Bruttium
686 2668 787 2732 aliena
809 2668 974 2755 provincia
988 2667 1092 2747 jussit.
1109 2668 1194 2731 Tum

140 2767 228 2830 enim
250 2767 299 2830 vir
321 2767 414 2832 laude
431 2768 655 2857 dignissimus,
677 2771 822 2858 quamvis
842 2770 951 2834 omnia
968 2792 1066 2858 supra
1081 2785 1193 2833 votum

139 2885 379 2956 processerant,
404 2886 438 2933 et
458 2871 640 2960 integritate
660 2872 728 2951 ejus
749 2871 860 2936 allecta
883 2871 1006 2936 Graecia
1027 2893 1193 2935 romanam

108 3048 111 3054 .
138 2969 310 3034 amicitiam
324 2971 529 3059 respiciebat,
547 2973 684 3061 nequid
702 2989 816 3062 praeter
833 2974 917 3063 leges
934 2972 1066 3054 faceret,
1079 2973 1114 3035 in
1125 2971 1196 3036 Ma·

139 3069 307 3136 cedoniam
324 3095 471 3139 reversus
487 3091 546 3139 est.
557 3074 748 3157 Archelaus,
765 3075 907 3140 discessu
915 3075 1031 3139 Bruttii
1045 3073 1194 3163 cognito,

138 3172 296 3238 Piraeum
313 3173 440 3240 admota
455 3175 554 3240 classe
567 3177 675 3242 statim
689 3179 821 3266 recepit.

173 3370 266 3436 sant,
280 3373 311 3420 U.
323 3374 352 3422 C.
363 3374 415 3422 665
423 3391 430 3432 ;
446 3375 478 3424 A.
489 3376 518 3425 C.
531 3378 577 3438 87.
586 3404 620 3415 —
633 3376 755 3425 Plutarch.
768 3403 804 3416 ·-
816 3374 923 3440 Appiau.
