2670 5018
209 769 261 835 IN
294 766 411 834 LOC.
436 767 526 834 le.
553 766 797 835 LXXXVIII
830 766 1044 833 LIVIANI.
1096 764 1155 833 181

140 886 196 950 VI.
227 885 266 950 ld
289 908 421 975 quoquc
447 886 565 949 frustra
589 888 650 950 fuit
670 910 678 950 :
699 909 776 975 ergo
800 908 901 972 quum
927 909 1032 972 neque
1053 901 1163 950 tenere

96 987 302 1075 propositum
319 1003 471 1075 possent,
491 1003 522 1050 et
537 987 676 1051 instante
688 987 766 1049 binc
779 986 884 1065 Sulla,
900 986 976 1050 inde
988 989 1161 1076 Pompeio,

98 1110 204 1174 neque
226 1086 379 1176 progredi
396 1088 506 1169 facile,
521 1110 628 1175 neque
646 1086 772 1177 regredi
790 1103 897 1150 tutum
913 1087 1093 1171 videretur,
1108 1113 1165 1152 no·

98 1206 216 1253 eturno
233 1190 348 1253 itinere
362 1191 498 1252 Romam
511 1190 691 1276 petierunt,
709 1188 854 1251 virorum
872 1204 904 1250 et
923 1205 1161 1253 commeatuum
1252 1261 1256 1274 ,

99 1291 208 1378 inopia
229 1290 316 1354 baud
336 1289 499 1354 difficilem
523 1307 618 1378 captu
636 1289 800 1368 arbitrati3
824 1287 913 1351 etad
933 1288 1164 1353 duodecimum

100 1415 204 1479 neque
219 1392 357 1480 amplius
370 1392 411 1455 ab
420 1392 508 1455 Urbe
520 1391 659 1480 lapidem
674 1406 775 1454 castra
791 1390 824 1452 in
840 1389 965 1453 Albano
981 1406 1092 1452 monte
1109 1414 1165 1479 po·

100 1509 244 1557 suerunt.
259 1493 309 1556 Ibi
324 1509 420 1556 nocte
436 1508 564 1573 exacta,
580 1490 667 1555 haud
684 1491 795 1579 exigua
811 1513 885 1554 cum
903 1513 979 1579 spe,
997 1491 1088 1577 quod
1100 1506 1167 1554 tan·

100 1594 137 1657 tis
154 1609 271 1680 totque
289 1593 428 1657 ducibus
444 1595 694 1681 imposuissent,
712 1593 807 1656 simul
822 1614 897 1656 cum
915 1593 987 1655 luce
1002 1595 1165 1678 profectos

101 1717 137 1757 ex
152 1694 235 1759 urbe
251 1694 377 1758 nobiles
394 1695 548 1775 juvenes,
564 1716 630 1756 una
647 1716 722 1757 cum
738 1695 796 1779 Ap.
815 1693 950 1756 Claudio
966 1695 1083 1782 insigni
1095 1695 1165 1757 viro

101 1793 297 1858 ceciderunt.
325 1796 498 1884 Octoginta
521 1796 618 1858 millia
641 1794 833 1857 bellatorum
858 1811 969 1875 erant3
994 1794 1164 1858 dimidium

101 1895 167 1974 ejus
186 1896 315 1959 numeri
332 1897 490 1961 Samnites
507 1896 702 1984 implebant,
723 1917 806 1981 quos
831 1896 916 1958 solos
936 1897 1082 1958 omnium
1099 1897 1165 1959 Ita·

101 1997 236 2060 licorum
254 2020 342 2062 arma
359 1999 534 2063 retinentes
552 1999 688 2062 Pontius
704 1996 872 2060 Telesinus
890 1997 965 2059 civis
980 2020 1093 2060 eorum
1108 1996 1167 2060 dn·

101 2098 210 2179 cebat,
225 2098 276 2161 vir
290 2097 380 2162 domi
402 2099 543 2187 bellique
564 2099 774 2179 fortissimus,
792 2114 824 2161 et
842 2098 966 2186 magnis
982 2098 1164 2162 certamini-

102 2199 163 2262 bus
178 2200 385 2266 inveteratuss

100 2346 102 2351 -
143 2301 215 2365 Vll.
234 2302 340 2390 Igitur
359 2326 462 2392 quum
487 2328 538 2369 res
562 2304 604 2369 ad
627 2328 794 2370 summum
814 2306 963 2370 timorem
989 2323 1162 2394 spectaret,

102 2402 251 2492 Urbsque
273 2418 342 2468 tota
369 2407 514 2470 tumultu
538 2423 571 2470 et
599 2407 794 2471 clamoribus
821 2407 978 2495 sequioris
1006 2408 1164 2495 praecipue

83 2507 193 2568 ”sexus
212 2523 418 2592 personaret,
434 2509 559 2599 primus
575 2509 615 2571 ab
633 2509 827 2596 imperatore
844 2508 930 2571 Sulla
946 2531 1021 2572 cum
1040 2508 1164 2595 septin-

100 2606 204 2693 gentis
218 2607 382 2693 equitibus
396 2609 494 2672 citato
510 2630 608 2673 cursu
623 2609 740 2672 Balbus
754 2609 868 2688 al'fuit;
882 2609 937 2696 qui
954 2623 1080 2671 tantum
1093 2630 1166 2670 mo-

101 2722 210 2790 ratus,
233 2707 339 2773 donec
364 2708 466 2774 sudor
490 2732 650 2797 equorum
677 2710 887 2788 consisteret,
915 2709 1020 2771 statim
1044 2710 1164 2771 iterum

100 2808 217 2870 l'renari
241 2831 296 2872 eos
314 2811 429 2891 jussit,
446 2827 478 2874 et
495 2810 536 2874 ad
556 2810 777 2873 distinendum
800 2812 926 2874 bostem
949 2810 1161 2899 procucurrit.

101 2908 234 2973 Interim
252 2911 359 2991 Sulla,
376 2914 493 3001 raptim
509 2913 652 2976 exercitu
668 2912 787 2990 (111111,
805 2911 845 2974 111
861 2928 987 2999 portam
1005 2911 1163 2974 Collinam

100 3010 183 3073 circa
202 3011 370 3076 meridiem
385 3014 549 3101 pervenit,
567 3015 742 3100 castrisque
764 3012 806 3076 ad
825 3014 958 3076 Veneris
976 3016 1086 3076 fanum
1107 3036 1165 3099 po·

101 3112 189 3193 sitis,
213 3128 251 3175 ut
283 3113 405 3200 quique
432 3115 573 3201 primum
604 3115 818 3195 advenerant,
847 3112 1005 3202 prandere
1029 3113 1164 3194 milites,

101 3211 218 3277 deinde
233 3215 268 3277 in
284 3216 385 3279 aciem
402 3216 565 3295 assistere,
579 3216 683 3295 jussit.
696 3218 765 3280 Iam
781 3217 913 3280 enimet
928 3217 1036 3278 hostes
1053 3214 1166 3278 111111-

101 3316 174 3380 bem
190 3333 293 3381 castra
311 3319 525 3383 metabantur.
543 3319 592 3381 Ibi
609 3318 773 3382 Dolabella
786 3334 818 3381 et
830 3319 1013 3404 Torquatus
1030 3338 1166 3403 magno-

101 3439 177 3504 pere
199 3419 320 3482 Sullam
345 3419 496 3483 0btestati
520 3436 615 3499 sunt,
635 3451 648 3475 «
663 3443 704 3482 ne
728 3420 849 3483 lassatis
870 3419 983 3481 itinere
1009 3417 1166 3480 militibus

101 3549 113 3571 ι
125 3520 234 3606 patriae
248 3521 384 3584 salutem
399 3521 433 3583 in
450 3521 547 3583 unius
560 3542 679 3609 pugnae
692 3519 867 3583 discrimen
883 3517 1109 3581 committeret.

144 3621 235 3686 VIII.
256 3622 354 3686 *Non
369 3622 508 3685 Marium
523 3644 563 3684 ex
579 3620 714 3684 adverso
731 3635 764 3684 et
776 3619 975 3697 Carbonem,
991 3616 1167 3680 inimicissi-

103 3742 196 3784 ·1nos
221 3721 394 3802 homines,
420 3724 584 3786 Romanos
611 3738 742 3802 tamen,
769 3719 825 3783 sed
848 3718 1062 3806 lamponium
1089 3741 1165 3780 cum

103 3822 279 3904 «Lucanis,
296 3821 354 3886 sed
370 3845 444 3887 cum
463 3823 662 3887 Samnitibus
677 3821 863 3885 Telesinam
877 3818 1070 3898 consistere,
1087 3817 1167 3880 infe·

103 3923 281 3988 «stissimos
296 3946 433 3987 romano
453 3925 597 4005 nomini,
620 3921 946 4007 bellicosissimosque
962 3936 995 3982 et
1005 3920 1165 4007 populos,

103 4039 157 4087 «et
169 4023 280 4088 duces.
295 4026 401 4112 Atque
416 4025 488 4089 illos
502 4026 677 4089 multarum
691 4024 846 4087 horarum
860 4022 1002 4108 quietem
1015 4019 1165 4084 curandis

103 4125 315 4213 «corporibus
331 4127 588 4214 consumpsisse:
603 4126 664 4190 sibi
681 4126 813 4212 suisque
827 4124 924 4189 simul
936 4120 1085 4186 laciunda
1096 4143 1168 4184 orn·

104 4226 194 4307 mia,
209 4227 375 4309 eundum,
390 4226 632 4316 prandendum,
646 4225 859 4316 pugnandum
871 4247 956 4304 esse3
975 4247 1042 4287 non
1057 4222 1166 4308 equis,

138 4439 154 4503 s
167 4443 210 4488 Vl.
224 4443 289 4490 Flor.
301 4445 346 4501 111,
359 4458 401 4493 11,
411 4470 443 4480 «-
455 4441 577 4491 Plutarch.
587 4439 735 4505 z-Apptan.
748 4467 782 4477 -
794 4439 809 4502 §
822 4440 880 4487 Vll.
890 4435 1039 4501 1111111-
1048 4429 1170 4481 Plutarch.

106 4548 138 4558 -·-
151 4526 222 4572 0111.
229 4526 261 4581 l',
275 4541 317 4573 ao.
