2670 5018
922 542 937 577 k

277 793 332 858 IN
364 791 476 860 LOC.
502 791 590 858 Lm.
618 794 802 860 LXXXII
836 796 1048 867 LIVIANI.
1132 798 1194 868 115

170 912 255 976 LIII.
272 915 405 1000 aAtque
420 912 447 975 is
464 906 550 975 idem
565 929 699 1000 repente
716 930 827 977 noster
840 917 963 981 amicus
978 921 1110 1001 exstitit,
1128 945 1194 986 non

129 1013 211 1076 ·ali0
227 1013 353 1076 scilicet
368 1011 528 1076 beneficio
552 1030 677 1094 motus,
696 1038 792 1101 quam
813 1016 903 1103 quod
923 1019 1093 1106 plusquam
1117 1046 1193 1086 cen·

130 1130 218 1177 ·tum
237 1115 405 1202 sexaginta
424 1136 560 1176 suorum
582 1115 679 1179 millia
698 1117 816 1178 nostris
833 1119 960 1182 concisa
980 1122 1128 1186 manibus
1143 1125 1194 1187 in·

133 1216 284 1280 «tellexit.
301 1216 366 1279 Pro
378 1216 498 1303 quibus
512 1217 545 1278 in
562 1238 621 1279 nos
638 1217 760 1280 meritis
776 1218 866 1281 haud
879 1237 947 1283 erat
961 1221 1126 1309 iniquum,
1146 1226 1195 1287 in·
1231 1259 1235 1266 ·

134 1317 322 1405 ·expiabilia
341 1317 476 1404 posthac
492 1316 643 1379 adversus
659 1340 733 1379 eum
749 1318 830 1381 bella
847 1320 924 1406 geri.
938 1320 1000 1384 sed
1015 1338 1122 1385 tamen
1138 1324 1196 1387 tibi

135 1442 213 1506 ·pr0
232 1442 274 1482 eo
294 1417 497 1506 deprecanti,
521 1417 584 1480 hoc
602 1418 770 1500 dabimus,
790 1436 826 1481 ut
844 1421 970 1484 veniam
992 1423 1021 1486 ei
1043 1446 1062 1485 a
1084 1441 1197 1486 senatu

134 1521 344 1609 «populoque
370 1543 507 1583 romano
531 1520 758 1608 impetremus,
780 1521 806 1583 si
830 1520 1000 1586 bonafide
1022 1524 1197 1611 resipiscat.

137 1621 316 1704 «Quodsi,
333 1637 370 1683 ut
382 1622 480 1702 solet,
496 1638 597 1707 utque
610 1643 671 1709 ego
688 1622 788 1710 magis
805 1623 923 1710 opinor
937 1625 1115 1706 facturum,
1130 1626 1199 1689 haec

138 1723 228 1788 «ideo
251 1739 378 1786 tantum
395 1723 477 1810 agit,
496 1739 549 1803 ut,
571 1721 671 1787 dilato
690 1723 817 1787 interim
843 1725 1008 1811 periculo,
1029 1727 1200 1790 consilium

138 1849 193 1890 -ex
206 1842 328 1890 eventu
340 1825 464 1912 capiat;
480 1825 545 1904 jam
561 1848 621 1912 ego
637 1841 684 1903 te,
702 1824 876 1904 Archelae,
892 1825 1007 1888 hortor
1022 1843 1121 1914 atque
1135 1851 1201 1890 mo·

139 1949 236 2007 «nen,
257 1942 295 1988 ut
313 1926 452 1989 fortunae
469 1925 619 1988 invitanti
635 1924 676 1989 ad
693 1927 816 1989 excelsa
831 1926 941 1988 omnia
958 1950 1000 1990 ne
1017 1927 1111 1992 desis.

177 2028 259 2091 LIV.
274 2026 585 2108 «Quemadmodum
599 2027 652 2090 ille
667 2049 744 2089 suos
761 2027 880 2089 amicos
894 2044 1099 2107 remuneret,
1115 2029 1199 2091 mul·

140 2144 264 2192 «torum
281 2128 348 2207 jam
363 2129 453 2191 malis
467 2126 589 2191 discere
603 2127 755 2215 potuisti3
774 2151 845 2214 quae
863 2144 972 2190 nostra
987 2128 1028 2190 sit
1044 2128 1075 2190 in
1091 2130 1196 2191 socios

139 2227 252 2309 «fides,
266 2253 404 2317 quaeque
419 2230 603 2310 liberalitas,
622 2247 659 2293 ut
669 2230 749 2293 alios
760 2246 902 2309 taceam,
920 2231 1084 2293 Eumenes
1098 2246 1194 2316 atque

138 2330 323 2393 «Masinissa
346 2330 420 2392 satis
444 2348 476 2392 et
501 2331 641 2393 recentia
666 2347 699 2395 et
722 2347 798 2394 nota
821 2329 975 2393 omnibus
999 2329 1196 2394 documenta

140 2446 242 2493 ·sunt.
254 2463 266 2483 υ
283 2429 335 2493 Ad
351 2446 531 2493 extremum
549 2455 588 2492 eo
604 2432 771 2521 prolapsus
786 2446 851 2510 est,
870 2447 907 2492 ut
920 2429 988 2494 loco
1000 2431 1198 2495 Mithridatis

140 2530 327 2594 Archelaum
340 2554 469 2617 rqgnare
477 2555 567 2619 posse
579 2531 715 2614 diceret,
731 2533 882 2621 siquidem
896 2533 1016 2596 hadria
1031 2533 1091 2594 sibi
1101 2532 1198 2597 classe

138 2633 266 2695 dediiset
280 2656 425 2720 operam,
445 2648 480 2696 ut
499 2632 648 2695 benevolis
662 2635 811 2696 Romanis
831 2648 975 2696 uteretur.
995 2632 1058 2696 Sed
1077 2633 1129 2696 ille
1145 2634 1198 2696 ad·

141 2732 200 2795 huc
211 2732 375 2818 loquentis
385 2733 522 2821 abrupta
534 2733 694 2813 oratione,
709 2733 950 2815 “Proditorem
964 2735 1085 2821 inquit,
1099 2735 1196 2815 Sulla,

139 2834 348 2897 «Archelaum
359 2857 425 2896 non
436 2834 587 2913 habebis;
602 2834 740 2897 amicum
754 2835 903 2913 habebis,
919 2835 944 2896 si
959 2835 1058 2922 aequis
1073 2835 1197 2922 legibus

139 2966 149 2985 ·
160 2958 267 3021 pacem
281 2957 357 2996 cum
368 2934 552 2997 Mithridate
568 2935 681 2997 feceris
692 2968 713 2996 ν.

179 3037 242 3099 LV.
264 3036 315 3100 Ad
335 3036 403 3098 haee
426 3036 511 3098 Sulla
529 3036 626 3121 paulo
647 3036 858 3115 commotior,
875 3037 947 3097 «Tu
960 3057 1053 3115 vern,
1072 3037 1198 3123 inquit,

141 3138 327 3216 «archelae,
342 3159 445 3224 quum
466 3135 507 3199 sis
529 3135 719 3223 Cappadox,
736 3135 929 3222 barbarique
950 3136 1034 3223 regis
1053 3153 1109 3199 aut
1131 3158 1197 3199 ser·

141 3262 233 3319 «ωε,
248 3256 321 3311 aut,
335 3239 360 3300 si
376 3238 483 3315 malis,
497 3238 618 3300 amicus
632 3238 712 3322 (nec
729 3237 814 3297 euim
830 3258 891 3324 ego
905 3235 1084 3321 quidquam
1098 3238 1197 3300 inter·

140 3362 228 3403 «esse
247 3341 379 3426 putem)
399 3338 496 3400 tantis
520 3337 693 3425 propositis
712 3337 849 3423 praemiis
865 3360 883 3398 a
901 3336 1102 3423 turpitudine
1124 3363 1198 3425 pro·

142 3441 293 3505 «ditionis
311 3441 486 3520 abhorres3
511 3464 562 3502 me
586 3456 619 3515 et
638 3441 820 3503 Romanum
840 3455 873 3501 et
889 3438 1009 3501 Sullam
1033 3437 1072 3500 ad
1093 3440 1198 3526 turpia

142 3543 278 3607 «hedera
295 3543 462 3608 sollicitas!
480 3543 569 3629 quasi
585 3565 662 3604 vero
679 3564 745 3603 non
763 3542 814 3605 ille
832 3541 874 3604 sis
888 3540 1081 3618 Archelaus,
1100 3563 1197 3624 quem

142 3643 200 3705 «de
216 3660 349 3705 centum
362 3642 475 3730 viginti
491 3642 630 3704 millibus
645 3641 836 3719 hominurn,
854 3664 928 3703 curn
946 3641 1055 3726 paucis
1072 3640 1199 3726 fugien-

140 3776 152 3797 ο
162 3763 224 3808 tem
245 3746 422 3808 Chaeronea
436 3743 533 3822 vidit;
551 3766 649 3829 quem
664 3743 890 3806 Orchomenus
910 3756 1039 3804 stratam
1054 3742 1199 3828 corpori-

143 3847 223 3910 ·bus
247 3847 397 3910 Monam
417 3845 673 3931 relinquentem,
692 3844 725 3905 in
744 3842 899 3930 paludum
923 3864 1053 3904 suarum
1074 3841 1201 3905 latebris

142 3947 264 4011 «biduo
277 3949 389 4012 texit».
403 3946 529 4010 'l'errito
542 3944 584 4008 ad
593 3945 662 4008 haec
671 3945 844 4023 Archelao,
862 3959 894 4005 et
906 3942 1114 4029 deprecante,
1131 3944 1199 4021 ille,

143 4048 270 4112 modico
296 4049 487 4134 interposito
509 4047 655 4124 silentio,
676 4045 881 4132 «Siquidem,
904 4044 1026 4129 inquit,
1049 4065 1200 4121 omnem,

142 4174 258 4237 «quam
272 4149 387 4228 hahes,
401 4150 550 4227 classem,
563 4147 679 4227 duces,
692 4147 828 4235 legatos,
842 4146 999 4232 captivos,
1012 4148 1202 4232 transl'ngas,

142 4251 315 4339 ·lugitivos
328 4249 532 4315 Mithridates
550 4246 733 4326 tradiderit,
745 4248 859 4325 Chios,
878 4263 910 4308 et
926 4246 951 4308 si
967 4267 1107 4332 quorum
1122 4246 1201 4307 alio-

142 4377 235 4416 ·rum
257 4377 314 4442 par
335 4375 428 4415 cansa
452 4367 513 4429 est,
536 4348 715 4413 civitatibus
736 4349 802 4409 suis
822 4345 1017 4423 reddiderit,
1039 4343 1201 4431 praesidia,

174 4553 191 4615 5
206 4554 267 4599 atr.
283 4551 407 4599 Plutarch.
418 4553 443 4596 ln
458 4549 538 4607 Sulla,
551 4565 605 4612 cap.
619 4547 660 4601 45.
674 4574 707 4583 -
723 4546 830 4610 Appiau.
840 4544 949 4592 Mithrhl.

993 4638 1031 4706 8.
