2670 5018
539 7 553 33 Ι

512 69 594 109 ¹¹¹¹v

516 112 587 152 a&

152 743 216 821 rai
324 744 390 808 JO.
418 740 752 809 FllEINSHEMlI
781 738 1025 806 SUPPLEM.

146 883 226 924 saeva
235 859 431 938 dominatio,
449 860 558 947 plures
575 859 715 923 subinde
727 858 829 923 claros
840 858 928 924 viros
940 859 980 924 ad
994 860 1114 924 Sullam
1128 884 1207 943 oon·

144 963 257 1050 fugere
265 960 437 1047 compulit,
447 960 631 1048 reipublicae
641 960 833 1048 periculum,
841 975 873 1024 et
881 959 1100 1023 miserandum
1109 961 1206 1025 Urbis

144 1078 264 1125 statum
280 1062 484 1142 nuntiantes;
499 1061 597 1124 simul
608 1060 696 1125 haud
712 1061 773 1125 levi
785 1083 841 1148 spe
856 1061 1041 1143 interjecta,
1058 1061 1150 1143 fore,
1171 1079 1207 1126 ut

144 1163 283 1225 consiliis
297 1162 554 1227 adversariorum
572 1181 703 1227 senatus
719 1163 898 1244 resisteret,
915 1162 1075 1250 siquidem
1092 1179 1206 1227 aucto·

143 1264 235 1326 ritate
255 1265 348 1327 Sullae
362 1266 537 1342 juvaretur.
561 1266 690 1353 Quippe
707 1267 742 1329 L.
762 1264 864 1352 Cinna
888 1264 957 1327 sine
977 1264 1050 1328 ullis
1069 1265 1206 1329 comitiis

146 1366 275 1428 tertium
300 1368 433 1448 consul,
449 1369 510 1430 Cn.
532 1367 695 1456 Papirium
715 1367 895 1431 Carbonem
921 1365 1037 1429 ducem
1060 1365 1205 1447 ejusdem

144 1466 311 1548 factionis,
324 1468 477 1556 collegam
496 1467 682 1533 adsciverat.
748 1501 751 1507 ·

188 1570 230 1633 X.
252 1569 357 1657 Igitur
374 1568 464 1632 dedit
481 1569 522 1633 ad
536 1586 686 1653 senatum
698 1570 827 1650 literas,
846 1568 983 1656 quibus,
998 1581 1207 1647 enumerato,

144 1685 303 1755 quantum
310 1669 342 1730 in
351 1669 503 1734 Numidia
511 1687 654 1757 quaestor
661 1693 721 1759 pro
729 1669 905 1760 republica,
913 1685 1073 1757 quantum
1081 1668 1208 1757 legatus

144 1769 229 1833 bello
247 1770 418 1855 cimbrico,
434 1787 466 1835 et
479 1770 598 1836 deinde
610 1789 729 1860 praetor
744 1772 777 1835 in
790 1771 897 1836 Cilicia
907 1818 917 1850 ,
927 1770 1079 1857 belloque
1097 1769 1206 1833 sociali

144 1871 259 1933 consul
272 1869 388 1934 laboris
404 1872 618 1954 exhausisset3
632 1895 682 1936 res
696 1873 848 1937 adversus
857 1871 1077 1936 Mithridatem
1091 1888 1206 1960 gestas,

142 1969 404 2060 domitammque
421 1975 567 2062 gentium
590 1997 763 2038 numerum
786 1992 818 2038 et
838 1975 990 2038 ferociam
1012 1973 1205 2037 extollebat:

45 2093 47 2097 ’
142 2089 306 2160 postremo
315 2075 736 2140 multisetaccumtisverbis
746 2074 1207 2165 imputabat,setatclarissimis

143 2176 235 2253 arrr's,
252 2175 597 2264 inimieorumfhatioae
611 2178 705 2241 domo
712 2177 830 2266 pulsis,
842 2176 1023 2265 perfugium
1037 2175 1206 2240 solatium·

143 2298 202 2363 que
210 2280 373 2341 exstitisse.
387 2279 501 2342 Atsibi
509 2301 572 2342 nort
582 2278 681 2342 aliam
686 2300 749 2366 pru
759 2277 913 2368 ejusmodi
921 2279 1035 2340 meritis
1040 2279 1204 2363 gratiam,

143 2401 239 2465 quam
246 2383 504 2468 proscriptionem
516 2381 641 2469 capitis,
653 2382 837 2454 eversionem
843 2379 967 2456 domus,
975 2378 1075 2440 cums
1085 2381 1205 2442 amico·

143 2502 231 2559 rum,
266 2504 363 2567 agam
377 2482 486 2543 uxoris
499 2481 724 2570 liberorumque
737 2479 849 2568 refirm'
855 2505 869 2560 ‚·
883 2482 939 2568 qui
950 2481 1012 2543 via
1024 2491 1055 2542 et
1063 2502 1148 2568 agre
1161 2483 1207 2543 in·

142 2579 274 2641 colrimes
287 2581 334 2642 ad
341 2605 372 2642 se
378 2584 721 2670 pervenirepotuissent.
738 2583 911 2646 Venturum
925 2583 1023 2667 igitur
1029 2603 1091 2644 sese
1096 2605 1208 2670 prope·

142 2679 223 2740 ricem
233 2679 364 2742 ultorem
376 2678 613 2765 rualeficrirrum,
625 2698 657 2747 et
666 2686 723 2772 qui
728 2707 766 2746 ea
771 2697 1015 2773 perpetrassent:
1022 2697 1205 2746 ceterorum

142 2803 216 2841 aero
225 2783 336 2843 civium
344 2829 353 2860 ‚
370 2797 486 2845 veteres
498 2782 739 2872 nouivesorent,
755 2787 968 2847 incusatorum
981 2786 1144 2847 nemiuem.

186 2882 244 2944 Xl.
263 2880 313 2943 Ad
322 2883 378 2945 has
388 2884 509 2966 literas,
519 2909 621 2973 quum
634 2909 716 2950 nova
727 2883 910 2950 sollicitudo
919 2884 1124 2972 perturbaret
1136 2907 1206 2949 om·

143 2980 236 3043 nium
247 2981 387 3059 animos,
405 2985 587 3050 L.Valerius
603 2988 736 3052 Flaccus
750 3002 878 3051 senatus
894 2987 1043 3073 princeps
1059 2987 1205 3050 luculen-

144 3098 207 3144 tam
222 3082 263 3147 de
276 3087 488 3172 praesentibus
504 3089 683 3152 orationem
693 3089 726 3151 in
741 3088 830 3151 curia
841 3086 971 3166 habuit;
987 3101 1020 3149 et
1028 3086 1204 3150 assentien-

143 3183 374 3273 tilius,quibus
396 3189 576 3254 concouliae
597 3189 743 3254 studium
764 3206 851 3269 erat,
868 3202 981 3251 auctor
1001 3187 1153 3251 mittendi
1164 3186 1204 3252 ad

143 3285 264 3349 Sullam
278 3289 398 3375 legatos
414 3290 485 3353 fuit.
501 3290 558 3354 llis
570 3290 778 3372 mandatum,
796 3304 831 3354 ut
843 3288 1089 3352 cancibareewn
1103 3290 1205 3352 mimi·

142 3387 185 3449 cis
194 3388 369 3467 studuere,-
375 3401 573 3478 peterentque
580 3439 591 3472 ‚
610 3406 660 3471 ut,
675 3393 705 3454 si
716 3391 797 3478 quid
808 3393 913 3454 caveri
925 3386 1059 3478 sibifide
1073 3390 1204 3479 publicu

141 3488 255 3567 vellet,
275 3493 507 3578 quamprimum
520 3492 651 3556 eadere
666 3492 772 3555 literas
785 3491 833 3555 ad
843 3505 984 3555 senatum
995 3493 1137 3554 mitteret.
1204 3542 1208 3549 .

186 3592 260 3654 Xll.
285 3594 367 3654 Cum
382 3592 571 3656 consulibus
588 3592 674 3657 idern
688 3600 816 3656 senatus
833 3593 912 3682 egit,
931 3606 966 3655 ut
977 3595 1093 3654 r'rtterca
1102 3639 1113 3671 ‚
1127 3590 1204 3655 dum

141 3693 180 3753 de
202 3692 366 3756 uoluntate
383 3693 481 3757 Sulla
500 3695 643 3757 rescitum
658 3707 747 3773 esset,
762 3716 784 3755 a
806 3692 972 3756 delectibus
992 3691 1204 3773 abstinerent,-

141 3815 214 3854 neve
224 3816 307 3880 spem
311 3797 405 3882 pacis
414 3817 486 3858 cum
498 3796 612 3859 eivr'bus
627 3788 879 3883 corrumperent:
898 3814 973 3856 nam
985 3791 1046 3872 illi,
1064 3789 1204 3856 dimissis

140 3916 198 3979 per
215 3895 396 3959 universam
412 3897 536 3960 ltaliam
552 3895 834 3984 perquisitoribus,
848 3893 1019 3982 pecuniam
1034 3906 1068 3955 et
1083 3893 1204 3979 copias,

142 4011 341 4059 crannonam
348 3995 745 4083 undiquecontrahebant,
752 3994 1032 4083 opulentissimum
1039 4015 1205 4081 quemque

141 4095 365 4177 sollicitantes,
382 4120 497 4161 eorum
517 4098 654 4160 maxime
669 4098 885 4185 populorum,
899 4095 958 4182 qui
974 4116 1080 4180 nuper
1096 4094 1204 4183 adepti

139 4196 189 4273 jus
204 4198 338 4261 civitatis
360 4221 500 4261 rontanae
518 4197 662 4278 fuerant3
681 4198 770 4285 quod
787 4199 916 4261 illorum
935 4218 1029 4259 causa
1045 4198 1158 4260 omnia
1173 4213 1204 4260 et

175 4419 190 4479 ᾗ
205 4420 248 4464 lx.
260 4417 535 4481 ,tppisn.t:ivil.lib.1.
547 4447 580 4455 -
595 4420 647 4467 Lis.
662 4419 726 4482 Epit.
741 4447 775 4454 -
790 4421 861 4464 Auel.
879 4418 909 4465 de
919 4418 970 4464 tir.
984 4417 1018 4464 ill.
1033 4421 1059 4465 iu
1075 4421 1205 4468 Cinna.-

139 4500 154 4563 S
171 4503 212 4548 lll.
230 4503 335 4563 Appian.
