2670 5018
278 703 334 771 IN
363 703 477 771 LOC.
502 703 593 770 LIB.
622 704 808 771 LXXXII
836 703 1049 774 LIVIANI.
1130 727 1194 799 ¹¹2⁹

130 822 313 912 praedaeque
330 822 392 886 illis
409 821 549 886 debitam
566 840 708 910 partem,
727 824 760 885 in
779 824 905 887 lucrum
922 840 1131 889 converteret.
1146 825 1194 888 Ab

130 924 175 987 his
196 924 304 986 initiis
326 945 457 987 aversus
478 947 495 986 a
514 924 657 1012 Fimbria
681 925 811 1005 consul,
833 947 935 1012 quum
958 948 1063 1012 neque
1083 925 1194 1007 dictis,

130 1047 237 1112 neque
252 1025 345 1088 lactis
361 1025 603 1088 contumeliosis
618 1026 650 1088 in
669 1048 743 1088 eum
758 1024 947 1104 abstineret,
965 1025 1117 1089 irritabile
1133 1027 1195 1090 ho·

131 1126 226 1189 minis
249 1126 441 1215 ingenium,
465 1126 555 1189 etad
577 1124 742 1211 audaciam
760 1148 887 1213 semper
907 1126 1194 1213 projectissimnm,

131 1224 289 1290 vecordiae
308 1229 586 1313 contumaciaeque
610 1227 763 1314 implevit.
788 1228 834 1289 Ea
860 1227 1046 1306 contenti0,
1069 1226 1133 1304 jam
1157 1250 1196 1290 ex

133 1349 196 1415 quo
212 1327 361 1415 Bymntii
374 1345 609 1408 convenerant,
629 1350 664 1391 se
680 1328 836 1408 exseruit3
854 1327 1071 1414 Flaccumque
1087 1327 1120 1388 in
1138 1349 1196 1389 ur·

133 1429 205 1493 bem
225 1429 411 1518 ingressum
434 1429 622 1493 criminatus
642 1428 785 1491 Fimbria
808 1443 873 1510 est,
894 1428 1010 1491 milites
1031 1427 1196 1491 hiemante

134 1530 207 1595 caelo
230 1545 321 1594 extra
341 1530 457 1594 moenia
478 1531 556 1593 viles
577 1546 847 1618 contemptosque
870 1528 1021 1610 tendere;
1043 1530 1194 1592 Flaccum

134 1630 284 1719 pecumas
298 1654 357 1718 per
370 1630 520 1712 injuriam
535 1632 692 1694 exercitus
706 1646 828 1718 partas,
842 1631 921 1693 luxu
934 1647 966 1692 et
978 1629 1099 1693 deliciis
1110 1629 1195 1692 intra

135 1748 213 1797 tecta
232 1755 446 1798 consumere:
462 1749 656 1820 tantumque
671 1733 839 1797 seditionis
854 1748 1056 1796 commotum
1072 1748 1140 1812 est,
1157 1748 1195 1795 ut

135 1835 246 1899 milites
263 1836 297 1898 in
311 1836 426 1898 urbem
440 1837 472 1898 vi
485 1837 720 1922 irrumperent,
739 1851 788 1914 et,
805 1835 909 1897 obviis
924 1833 1119 1921 quibusdam
1136 1833 1196 1896 ob·
1280 1833 1284 1847 “

137 1935 307 2015 tmncatis,
325 1957 387 1998 suo
403 1936 535 1998 arbitrio
552 1958 610 2023 per
624 1934 739 1999 domos
757 1933 1038 1998 distribuerentur.

173 2036 256 2099 LIX.
274 2035 339 2099 Sed
357 2035 407 2098 his
426 2052 606 2123 utcumque
624 2036 830 2124 compositis,
852 2037 884 2098 in
909 2036 1046 2100 alterum
1069 2059 1192 2099 annum

135 2134 225 2199 dilata
248 2151 297 2199 est
315 2135 451 2218 seditio,
471 2159 542 2223 quae
561 2137 704 2201 delatum
727 2137 917 2200 auctoritate
938 2153 1067 2200 senatus
1090 2129 1216 2224 impe-'

134 2238 214 2300 num
227 2238 341 2302 Flacco
353 2237 488 2317 ademit,
500 2255 614 2302 senatu
629 2239 816 2302 inconsulto
828 2237 977 2301 Fimbriae
988 2237 1088 2300 dedit.
1104 2239 1194 2300 Inter

135 2338 199 2402 haec
220 2361 371 2404 censores
395 2341 429 2403 in
453 2340 541 2403 Urbe
562 2332 597 2404 L.
616 2340 758 2404 Marcius
786 2339 827 2422 Q
839 2339 874 2403 F.
888 2339 928 2422 Q
940 2324 981 2402 N.
1004 2338 1192 2426 Philippus,

132 2438 175 2502 M.
186 2439 367 2526 Perperna,
385 2441 526 2504 lustrum
546 2441 722 2528 septimum
743 2456 840 2528 atque
858 2440 1092 2529 sexagesimum
1114 2463 1193 2503 con·
1297 2459 1299 2464 ’

133 2537 299 2619 didcrunt,
314 2562 413 2628 opera
423 2540 551 2629 publica
563 2542 770 2622 locaverunt,
781 2557 929 2605 senatum
941 2557 1191 2606 recensuerunt:

132 2660 195 2726 quo
208 2655 355 2728 tempore
369 2643 429 2728 Ap.
441 2640 594 2705 Claudius
608 2666 627 2705 a
643 2664 776 2707 censore
791 2642 914 2706 Marcio
927 2659 975 2706 est
991 2644 1191 2730 praeteritus,

132 2762 315 2827 quanquam
332 2741 361 2805 ei
377 2743 561 2831 propinqua
577 2743 770 2832 cognatione
780 2743 915 2823 junctus
929 2759 1034 2823 esset,
1049 2741 1139 2829 quod
1158 2742 1190 2804 in

132 2842 274 2929 partibus
290 2844 495 2930 optimatium
516 2844 568 2907 ille
589 2847 702 2909 fuerat.
717 2842 809 2907 Idem
826 2866 942 2907 censor
960 2866 1051 2932 aquae
1065 2845 1194 2907 Marcia

132 2941 266 3007 ductum
273 2944 359 3008 bello
369 2946 476 3010 sociali
485 2944 701 3009 disturbatum
711 2946 832 3009 rel'ecit.
841 2945 969 3008 Civium
980 2967 1190 3008 romanorum

133 3067 225 3110 censa
238 3063 310 3109 turn
326 3047 431 3135 capita
443 3064 521 3110 sunt
535 3046 748 3111 CCCCLXIII
764 3048 880 3130 millia;
900 3047 1049 3135 princeps
1063 3062 1193 3109 senatus

133 3147 318 3212 LValerius
332 3148 465 3212 Flaccus
479 3149 607 3237 gentilis
621 3150 763 3213 consulis
776 3149 879 3212 Flacci
895 3149 997 3212 lectus
1011 3164 1069 3212 ost.

172 3249 239 3312 LX.
256 3249 325 3313 Sub
344 3250 407 3314 hoc
426 3267 556 3338 tempus
578 3273 681 3338 quum
701 3251 810 3314 omnia
834 3250 866 3311 in
887 3249 975 3312 Urbe
998 3251 1140 3328 incerta„
1160 3265 1193 3311 et

132 3372 235 3437 neque
246 3350 309 3440 legi
323 3352 518 3439 quidquam,
531 3374 637 3439 neque
651 3352 734 3414 mori
748 3351 895 3413 relictum
908 3366 1009 3429 esset;
1024 3350 1082 3437 qui
1092 3348 1194 3412 domi·

133 3452 294 3515 nationem
310 3453 520 3532 obtinebant,
536 3475 576 3516 eo
593 3453 803 3542 cogitationes
819 3474 932 3515 omnes
947 3466 1192 3528 converterant,

132 3568 167 3615 ut
182 3553 217 3616 L.
228 3553 337 3629 Sullae,
353 3577 451 3641 quem
465 3577 530 3618 suae
543 3554 743 3642 publicaeque
756 3554 800 3616 rei
814 3552 975 3616 vindicem
990 3551 1192 3631 metuebant,

132 3655 323 3719 resisterent.
336 3656 440 3744 Igitur
450 3657 597 3719 L.Cinna
610 3679 644 3720 se
656 3656 808 3735 tertium,
822 3677 898 3718 cum
913 3652 1109 3739 Cn.Papirio
1120 3654 1194 3714 Car-
1248 3701 1251 3705 .

132 3753 217 3819 bone
234 3757 403 3820 consulem
421 3757 489 3844 ipse
513 3757 596 3820 fecit.
615 3757 743 3820 Horum
759 3756 922 3842 impotens
945 3751 1089 3840 tyrannis
1112 3751 1193 3814 adeo

132 3857 251 3920 multos
275 3858 460 3945 principum
479 3857 624 3920 virorum
646 3856 687 3920 ad
705 3856 826 3920 Sullam
849 3877 884 3917 sc
904 3854 1045 3941 recipere
1067 3853 1191 3939 coegit,

133 3975 169 4021 ut
185 3958 325 4045 amplius
348 3960 380 4022 in
401 3959 511 4023 castris
532 3959 618 4040 ejus,
634 3981 732 4045 quarn
755 3958 788 4019 in
806 3957 874 4043 ipsa
890 3956 971 4019 urbe
992 3971 1122 4018 senatus
1139 3956 1190 4016 in·

132 4076 194 4123 star
204 4074 298 4124 esset.

164 4231 180 4294 s
189 4232 279 4278 LVIII.
287 4232 338 4278 Dio
347 4229 414 4295 apud
423 4231 503 4278 Vales.
514 4258 549 4268 -
563 4232 615 4279 ttv.
625 4231 692 4296 Epit.
704 4256 739 4268 -
752 4229 879 4277 Memnon
889 4255 924 4265 -
935 4227 1026 4292 sm.
1036 4229 1100 4274 nun
1111 4227 1190 4290 Capit.

131 4342 163 4350 -
173 4316 297 4364 cietur.
308 4315 334 4372 t,
348 4313 395 4371 ⁵5,
407 4325 432 4361 et
444 4331 491 4378 pro
504 4314 592 4373 domo,
603 4332 656 4379 cap.
668 4317 709 4362 3².
718 4341 752 4351 -
763 4313 851 4361 Euscb.
866 4337 900 4349 --
912 4313 966 4360 Liv.
980 4311 1046 4375 Epit.
1061 4337 1095 4347 -
1109 4309 1125 4373 5
1140 4312 1192 4356 LX.

131 4399 160 4444 U.
170 4400 198 4448 (2.
210 4399 276 4460 6673
289 4399 323 4446 A.
334 4399 364 4445 C.
376 4397 418 4444 85.
434 4425 469 4433 ·-
483 4400 590 4463 Appian.
602 4397 781 4446 civ.tib.1.-
795 4398 868 4444 Auct.
879 4395 909 4442 de
917 4395 970 4443 Vir.
985 4395 1021 4444 ill.
1034 4409 1088 4458 cap.
1103 4408 1145 4455 ²9·
1159 4420 1193 4428 --ι

130 4484 180 4531 Ur.
189 4485 254 4548 Epit.
264 4483 409 4530 LXXXIII.
421 4507 456 4518 ·-
469 4482 526 4530 Illo.
539 4481 701 4530 -Plutarclu
710 4485 736 4528 In
746 4479 824 4536 Sulla,
835 4494 888 4543 cap.
900 4485 941 4533 tt.
