2670 5018
264 829 322 898 m
353 828 470 898 noc.
496 812 592 898 mh.
618 828 757 897 cvm
790 827 1018 903 Lrvllur.
1099 822 1169 909 645

105 950 200 1037 cepit.
216 947 302 1014 Hinc
317 947 359 1013 ad
374 947 533 1036 oppidum
548 946 853 1012 Eleutherocilicum
867 945 1096 1011 Pindenissum
1114 945 1171 1010 ad·

105 1065 197 1112 moto
220 1049 380 1130 exercitu,
405 1049 516 1112 locum
539 1049 812 1125 munitissimum,
834 1048 1025 1138 aggeribus,
1048 1048 1169 1128 vineis,

105 1150 252 1214 turribus
265 1149 478 1239 oppugnavit,
492 1149 576 1213 vallo
586 1165 619 1213 et
629 1149 714 1213 fossa
724 1149 841 1230 cinxit,
853 1170 1037 1238 magnoque
1048 1149 1170 1229 labore,

104 1267 181 1338 post
196 1252 369 1339 septimum
381 1266 479 1337 atque
492 1250 799 1340 quinquagesimum
813 1249 918 1331 diem,
932 1249 966 1312 in
979 1264 1170 1338 potestatem

105 1351 239 1442 redegit.
256 1351 337 1417 lnde
355 1353 533 1416 Tibarenos
553 1352 664 1440 petiit,
687 1352 744 1440 qui
768 1349 897 1415 finitimi
912 1349 1170 1415 Pindenisseusi·

105 1451 186 1534 bus,
205 1453 352 1518 similiter
371 1469 559 1542 receperant
580 1452 751 1543 fugitivos,
771 1452 1035 1540 Parthorumque
1049 1450 1171 1516 adven·

107 1567 179 1617 tum
193 1554 429 1642 exspectabant.

148 1655 261 1719 XLIV.
272 1654 337 1720 Sed
346 1655 382 1719 hi
393 1654 522 1719 obsides
533 1653 627 1736 dare,
640 1677 738 1743 quam
746 1654 870 1718 bellum
879 1654 961 1743 pati,
974 1655 1169 1720 maluerunt.
1297 1694 1303 1719 t

103 1755 161 1820 His
174 1756 271 1821 rebus
286 1756 398 1845 gestis,
413 1779 472 1844 per
485 1757 556 1820 loca
568 1756 668 1822 dubia
682 1771 738 1821 ant
750 1779 863 1821 recens
877 1772 987 1845 pacata
1000 1757 1047 1820 M.
1057 1756 1170 1821 Cicero

102 1858 277 1922 exercitum
298 1857 481 1939 distribuit,
503 1858 732 1945 Quintumque
749 1859 882 1922 fratrem
895 1858 1039 1946 praefecit
1054 1857 1168 1921 hiber·

103 1959 172 2042 nis,
189 1959 257 2047 ipse
268 1958 310 2023 ad
321 1974 501 2024 conventus
517 1958 660 2047 agendos
671 1959 704 2022 in
719 1959 918 2046 provinciam
933 1960 1099 2046 profectus
1112 1973 1170 2022 est.

101 2063 172 2126 lam
188 2076 279 2124 erant
292 2059 333 2124 ad
346 2060 469 2124 Urbem
483 2054 693 2148 imperatores
708 2057 795 2140 duo,
811 2059 868 2146 qui
881 2081 921 2122 ex
934 2057 1047 2123 eadem
1062 2058 1171 2122 Cilicia

101 2162 303 2250 triumphare
319 2177 494 2249 cuperent,
510 2161 636 2249 Appius
654 2158 833 2239 Claudius,
844 2159 897 2222 cui
915 2158 1028 2223 Cicero
1044 2181 1171 2222 succes·

100 2279 201 2344 serat,
217 2279 249 2327 et
263 2263 298 2327 P.
309 2262 484 2338 Lentulus,
501 2261 558 2349 qui
574 2259 775 2348 provinciam
793 2274 869 2322 ante
886 2256 1060 2323 Claudium
1078 2258 1167 2322 obti-

101 2379 225 2428 nuerat.
246 2363 397 2427 Amultis
413 2361 501 2426 enim
514 2361 607 2424 annis
624 2359 778 2448 inquietae
792 2358 836 2422 ibi
856 2381 908 2423 res
924 2358 1073 2442 luemnt,
1089 2359 1168 2424 vici·

100 2465 202 2530 nitate
224 2465 438 2546 Parthorum,
458 2478 492 2527 et
513 2461 678 2526 ferocibus
695 2461 833 2525 Cilicum
851 2461 1099 2548 accolarumque
1115 2461 1168 2524 in·

100 2566 213 2656 geniis.
223 2566 265 2630 Et
273 2565 448 2646 Lentulus,
460 2562 559 2627 rebus
569 2561 654 2627 bene
668 2563 784 2651 gestis,
794 2586 898 2651 quum
911 2578 985 2627 ante
996 2562 1167 2627 biennium

101 2666 306 2747 decessisset,
330 2664 381 2728 his
397 2663 586 2730 consulibus
607 2663 828 2751 triumphavit.
847 2663 912 2729 Sed
925 2665 1051 2753 Appius
1068 2663 1167 2744 maje-

100 2768 189 2831 statis
203 2790 277 2832 reus
289 2789 308 2831 a
321 2766 357 2831 P.
367 2765 533 2831 Dolabella
548 2765 667 2846 factus,
683 2765 806 2845 abjecta
819 2766 1038 2854 postulatione
1051 2766 1168 2830 tuum·

98 2868 172 2956 phi,
183 2868 303 2932 Urbem
314 2869 477 2957 ingressus
488 2881 545 2932 est.
557 2868 695 2931 Causam
703 2889 764 2956 pro
774 2890 815 2932 eo
825 2867 978 2933 dixerunt
989 2869 1035 2932 M.
1047 2871 1165 2932 Brutus

100 2970 194 3057 Appii
210 2993 326 3059 gener,
343 2984 376 3033 ct
389 2968 431 3052 Q.
446 2968 660 3051 Hortensius,
682 2969 736 3033 ille
753 2968 961 3051 adolescens,
977 2969 1032 3033 hic
1048 2986 1166 3057 quarto

100 3086 133 3133 et
145 3071 340 3159 sexagesimo
353 3069 454 3134 aetatis
466 3092 571 3152 anno,
585 3070 697 3158 paucis
708 3087 784 3135 ante
801 3088 940 3136 mortem
956 3069 1082 3135 diebus.
1097 3070 1166 3135 Nec

98 3170 154 3232 illo
179 3171 284 3234 solum
303 3169 446 3250 judicio,
470 3169 528 3233 sed
553 3171 649 3234 etiam
674 3170 815 3236 ambitus
839 3188 951 3260 postea
976 3170 1164 3250 absolutus,

99 3293 268 3335 censuram
286 3270 393 3360 petiit,
412 3293 592 3360 censorque
606 3272 794 3363 designatus
809 3289 868 3338 est.
1079 3356 1094 3394 Ο

132 3483 313 3550 smmis.
327 3481 360 3532 ad
371 3484 484 3542 sarim,
498 3482 715 3543 ar‚etadFrmil.
728 3480 1162 3544 111‚10‚11,n;vt11,6;i‹1m

97 3568 124 3619 ln
136 3569 226 3628 bauto,
238 3585 291 3634 cap.
301 3575 343 3632 ot.
357 3595 392 3607 -
401 3567 485 3634 Sigon.
496 3568 523 3617 ln
536 3572 599 3617 Fut.
610 3568 762 3633 Capitol-
772 3567 842 3633 rign
853 3569 919 3616 Ann.
