2670 5018
335 672 392 743 IN
416 674 524 743 LOC.
550 674 645 743 LIB.
672 671 761 742 CXI
791 670 1001 740 LIVIANI.
1123 692 1195 769 7²9

134 797 252 862 mhors
273 796 408 886 legionis
425 811 521 860 sexte
543 795 643 860 edidit
663 794 696 859 in
713 793 861 874 castello,
877 790 968 880 quod
984 789 1124 857 Mureti
1134 816 1194 858 ro·

135 896 261 971 cabant.

178 999 360 1063 XXXVIII.
379 999 427 1062 Eo
443 999 641 1087 pompeianae
656 998 798 1086 legiones
813 1012 955 1084 quatuor
969 1016 1028 1082 per
1042 996 1193 1086 confraga

134 1115 167 1162 ct
184 1098 287 1163 obsita
308 1098 449 1163 dumetis
469 1099 598 1163 occulto
621 1099 736 1163 itinere
751 1112 916 1161 venerant.
939 1094 1054 1183 Neque
1069 1098 1193 1181 territi,

134 1199 207 1263 licet
223 1223 257 1263 re
271 1200 462 1288 improvisa,
477 1200 612 1281 Iuliani,
631 1216 694 1265 tam
706 1199 816 1290 paucis
826 1198 982 1263 militibus
993 1199 1057 1262 vim
1073 1214 1193 1263 tautam

133 1323 191 1388 per
209 1302 331 1388 aliquot
349 1302 443 1365 horas
462 1303 702 1385 sustinuerunt,
720 1300 916 1367 centurionis
935 1300 1032 1363 unius
1052 1300 1193 1365 incredi-

132 1400 188 1464 bili
205 1403 324 1466 virtutc
340 1404 481 1468 animati.
499 1403 545 1467 M.
561 1403 681 1467 Caesius
699 1403 776 1481 fuit,
793 1402 845 1465 cui
861 1402 979 1465 Scoevae
993 1423 1192 1489 cognomen:

132 1501 160 1565 is
176 1518 306 1567 strenua
323 1528 432 1594 pugna
448 1506 590 1585 multos,
607 1504 664 1592 qui
679 1503 812 1593 propius
827 1518 1042 1584 accesserant,
1059 1502 1193 1568 interfe-

132 1603 201 1686 cit,
225 1605 471 1692 custodiamque
501 1622 602 1693 portas
632 1604 810 1669 commissae
838 1604 1012 1668 fortissime
1038 1604 1192 1688 retinuit3

133 1728 318 1794 quanquam
342 1707 484 1770 sauciato
507 1707 630 1795 capite,
653 1707 824 1795 femurque
844 1721 877 1770 et
898 1704 1073 1769 humerum
1089 1721 1193 1772 trans·

132 1806 232 1889 fixus,
256 1824 421 1895 postremo
450 1807 546 1871 etiam
574 1808 706 1870 oculum
731 1807 898 1871 sinistrum
924 1806 1080 1873 amiserat.
1107 1808 1192 1871 Tum

132 1931 209 1972 vero
238 1910 466 1996 pompeianum
495 1908 718 1984 centurionem
745 1924 831 1971 notae
856 1907 985 1970 virtutis
1010 1908 1193 1995 appellans,

133 2011 216 2074 mitti
233 2012 342 2098 petiit,
359 2034 377 2074 a
394 2033 460 2097 quo
479 2008 608 2073 deditus
629 2007 870 2097 perduceretur.
893 2010 1111 2071 decurrerunt
1131 2007 1192 2071 viri

132 2109 218 2193 (ltro,
239 2127 328 2175 tauto
346 2112 456 2176 labore
472 2125 504 2174 et
519 2110 569 2173 his
584 2109 772 2172 vulneribus
791 2109 917 2173 nullum
934 2131 1001 2172 non
1019 2108 1120 2172 robur
1135 2131 1192 2172 ex·

132 2213 252 2276 hauriri
275 2214 418 2302 potuisse
437 2212 479 2275 ad
497 2232 657 2274 summam
679 2210 929 2275 imbecillitatem
947 2209 1018 2273 rati.
1041 2208 1104 2273 Sed
1123 2209 1193 2291 ille,

131 2313 282 2396 confosso
295 2314 415 2394 altero,
434 2314 535 2376 altero
550 2313 735 2392 vulnerato,
754 2311 819 2375 suis
835 2310 959 2375 addidit
974 2311 1138 2394 animum,
1156 2326 1193 2376 ut

132 2426 279 2481 tenerent
293 2414 422 2495 locum,
440 2412 545 2476 donec
561 2435 600 2476 ex
615 2413 725 2476 castris
741 2412 906 2476 subveniri
919 2414 1036 2500 potuit.

175 2512 329 2579 XXXIX.
355 2514 485 2602 Quippe
513 2515 636 2595 Caesar,
668 2511 708 2576 ad
735 2512 974 2601 Dyrrhachium
1001 2511 1191 2578 admoturus

130 2633 254 2704 partem
282 2615 466 2703 copiarum,
494 2615 531 2679 P.
562 2615 682 2679 Sullam
705 2614 816 2678 castris
841 2615 1036 2703 praefecerat.
1059 2617 1091 2679 ls
1114 2638 1191 2704 ergo

130 2741 206 2781 cum
229 2717 356 2782 duabus
380 2717 562 2805 legionibus
588 2716 751 2806 suppetias
774 2716 880 2780 ferens
904 2716 1017 2805 alluit3
1035 2715 1127 2796 cujus
1149 2736 1191 2781 ne

130 2836 337 2908 conspectum
350 2819 482 2909 quidem
492 2819 576 2882 ferre
586 2818 773 2907 Pompeiani
786 2834 974 2907 potuerunt.
986 2820 1073 2883 Sulla
1081 2834 1190 2883 tamen

129 2919 247 2983 instare
268 2943 454 3007 quanquam
478 2921 632 3007 perculsis
663 2921 788 2994 uoluit,
815 2921 924 2985 multis
950 2921 1189 3004 incusantibus,
1228 2964 1230 2969 -

130 3021 185 3106 qui
200 3018 403 3101 judicabant,
420 3020 542 3083 bellum
563 3041 603 3084 eo
625 3019 679 3083 die
701 3019 787 3083 finiri
807 3022 962 3108 potuisse.
981 3021 1044 3084 Sed
1065 3022 1189 3103 Caesar,

129 3120 204 3183 alias
229 3120 323 3209 legati
347 3136 445 3206 atque
471 3120 673 3206 imperatoris
698 3137 804 3208 partes
828 3144 917 3203 esse,
945 3120 1190 3205 demonstrans,

130 3222 210 3286 nihil
231 3245 249 3286 a
269 3223 353 3285 Sulla
374 3238 490 3309 praeter
512 3222 669 3286 rationem
694 3223 813 3286 factum
833 3246 918 3297 esse,
940 3221 1115 3287 dictitabat.
1133 3225 1190 3289 llis

129 3323 281 3387 omnibus
305 3323 420 3410 pnrliis
443 3344 510 3385 non
534 3322 618 3386 ultra
639 3322 752 3410 viginti
770 3346 904 3387 suorum
920 3322 1110 3388 desiderarit
1126 3324 1192 3388 Cae·

130 3446 196 3504 sar,
214 3446 316 3511 quum
332 3447 371 3488 ex
386 3422 590 3510 Pompeianis
605 3422 645 3487 ad
662 3424 759 3487 millia
775 3422 842 3488 duo
860 3425 1057 3489 cecidissent.

173 3526 240 3590 xL.
264 3524 326 3587 Sed
349 3525 382 3587 in
404 3525 533 3587 castello
551 3525 687 3588 Minucii
706 3546 803 3588 nemo
820 3525 959 3589 militurn
978 3525 1101 3589 intacto
1120 3547 1192 3590 cor·

128 3646 207 3711 pore
230 3626 358 3689 relictus
381 3641 450 3705 est,
477 3640 681 3711 quatuorque
704 3626 909 3690 centuriones
930 3648 969 3690 ex
994 3649 1032 3691 ea
1055 3628 1191 3693 cohorte

128 3726 338 3814 perdiderunt
354 3727 486 3791 oculos:
508 3727 605 3790 millia
628 3728 814 3817 sagittarum
837 3728 963 3792 circiter
983 3745 1113 3794 centum
1131 3732 1190 3794 tri·

128 3827 236 3913 ginta,
257 3852 328 3915 quae
349 3830 475 3892 fuerant
495 3828 535 3892 ab
552 3829 700 3893 hostibus
721 3829 804 3893 intra
826 3830 944 3895 vallum
959 3830 1035 3911 'ejus
1052 3832 1191 3921 praesidii

128 3929 288 4012 conjecta,
306 3931 421 3994 Caesari
441 3948 744 4011 renumeraverunt;
760 3953 896 4018 quarum
914 3954 999 3997 unus
1016 3933 1069 3998 ille
1084 3935 1191 3999 Scaeva

128 4051 282 4119 magnum
309 4054 481 4095 numerum
506 4047 692 4120 exceperat,
717 4049 810 4097 scuto
833 4034 918 4097 illius
936 4057 1031 4122 supra
1057 4051 1189 4100 centum

126 4132 237 4224 viginti
256 4132 470 4197 foraminibus
487 4133 638 4197 confosso
656 4156 664 4198 τ
681 4156 780 4221 quem
796 4134 840 4199 ob
858 4135 1018 4225 egregiam
1035 4135 1188 4201 virtutem

162 4346 177 4412 S
192 4350 339 4397 XXXVIII.
350 4351 449 4397 Sne-ton.
462 4349 557 4399 -vat
569 4350 638 4399 Max.
649 4352 701 4407 III,
709 4366 735 4399 a.
745 4377 779 4389 -·
789 4350 912 4400 Plutarch.
922 4351 948 4399 itt
962 4350 1024 4400 Cu.
1035 4366 1090 4416 cap.
1101 4351 1144 4399 23.
1154 4376 1189 4388 -

127 4432 216 4481 lucau.
228 4460 264 4472 -
277 4432 293 4497 f,
308 4434 428 4483 XXXIX.
441 4435 503 4483 (ζει.
