2670 5018
271 1042 441 1132 JOAN
451 1046 493 1133 N
503 1045 561 1132 IS
605 1044 1060 1135 FREINSHEMII

176 1291 1158 1430 SUPPLEMENTORUM

350 1589 969 1716 LIVIANORUM

496 1874 669 1952 LIBER
704 1875 827 1953 LXX

331 2114 375 2170 IN
401 2111 555 2172 LOCUM
583 2114 705 2170 LIBRI
730 2112 785 2169 CV
812 2114 998 2171 leltttr.

470 2385 861 2420 ...θος-...-

497 2707 502 2719 ‚
545 2626 785 2696 nP1TOMn

342 2791 473 2847 LIBRI
503 2788 769 2846 CENTESIMI
795 2789 979 2858 QUINTI.

131 2933 220 2997 Quum
234 2933 267 2985 C.
278 2931 385 2986 Cutouis
397 2933 497 2986 tribuni
512 2931 596 3003 plebis
612 2928 846 2984 intercessionibus
859 2929 965 2982 comitia
978 2928 1143 2993 tollerentur,
1160 2946 1199 2984 ts·

166 3026 244 3067 natus
254 3025 353 3068 vestem
368 3015 488 3069 mumvit.
502 3016 540 3068 Μ.
549 3015 616 3068 Cato
626 3014 654 3066 in
668 3013 794 3084 petitione
805 3024 940 3084 practura,
953 3012 1063 3085 prelato
1072 3012 1198 3078 Vatinio,

166 3099 298 3168 repulsam
314 3097 383 3151 tulit.
396 3098 489 3161 Idem,
503 3117 586 3170 quum
598 3097 683 3169 legem
697 3095 851 3169 impediret,
867 3116 921 3169 qua
935 3097 1073 3167 provincia
1085 3098 1199 3151 consuli·

167 3181 217 3232 bus
232 3179 258 3233 in
272 3181 502 3252 quinquennium,
516 3182 642 3252 Pompeio
654 3181 787 3252 Hispanis)
794 3218 802 3245 ,
812 3181 908 3234 Crasso
922 3180 997 3252 Syria
1010 3192 1036 3232 et
1046 3181 1199 3253 parthicum

168 3263 285 3328 bellum,
299 3264 396 3317 Caesari
411 3265 499 3318 Gallia
516 3277 543 3317 et
556 3263 700 3318 Germania
714 3263 857 3327 dabantur,
871 3283 888 3317 a
901 3266 932 3318 C.
940 3264 1075 3317 Trebonio
1088 3264 1198 3317 tribuno

167 3345 268 3418 plebis,
292 3347 357 3418 Iegis
374 3359 496 3411 anctore,
511 3348 539 3400 in
560 3346 668 3402 vincula
687 3346 784 3400 duetus
803 3357 851 3400 est.
869 3348 902 3399 A.
912 3345 1040 3399 Gabinius
1056 3348 1201 3417 proconsul

166 3430 337 3484 Ptolemanm
352 3429 457 3483 reduxit
470 3431 497 3483 in
512 3449 625 3502 regnum
641 3432 766 3504 Egypti,
785 3436 869 3505 ejecto
886 3430 1033 3492 Archelao,
1050 3448 1130 3501 quem
1148 3430 1200 3485 tibi

167 3534 256 3585 regem
269 3513 445 3569 adsciverant.
464 3516 566 3579 Cesar,
581 3513 657 3567 victis
670 3513 808 3568 Germanis
824 3513 852 3565 in
869 3512 957 3566 Gallia
971 3511 1114 3585 cesisque,
1132 3516 1201 3593 ⁸1¹0&

167 3616 231 3651 num
245 3596 423 3661 transcendit,
439 3609 465 3650 et
477 3594 623 3670 proximum
636 3608 739 3669 partem
753 3598 903 3650 Germanis
916 3596 1039 3649 domuit:
1056 3615 1088 3661 ac
1100 3597 1197 3671 deinde

166 3682 274 3735 Oceano
284 3682 313 3734 in
324 3678 505 3745 Britanniam,
521 3680 609 3757 primo
624 3698 720 3753 purum
736 3696 861 3752 prospere
874 3678 1073 3751 tempestatibus
1083 3670 1234 3738 adv'effii*
1247 3680 1250 3685 ’

166 3765 284 3836 trajecit3
298 3766 395 3818 iterum
404 3783 498 3837 perum
509 3763 629 3828 felicius,
644 3781 793 3836 magnaque
806 3760 1100 3818 multitudiuebostium
1112 3785 1195 3832 cata,

167 3847 283 3923 aliquam
296 3862 400 3923 partem
411 3846 503 3903 insulse
514 3849 542 3902 in
550 3860 705 3922 potestatem
715 3848 827 3920 redegit.
1114 3846 1118 3853 ’
1168 3844 1173 3849 ’

132 4025 156 4086 I.
179 3981 415 4089 Bennonun
431 4048 467 4088 ea
479 4023 623 4089 conditio
637 4044 740 4111 quum
753 4038 851 4103 esset,
865 4038 903 4085 ut
914 4037 1019 4087 tamen
1031 4022 1196 4089 interdum

131 4140 206 4212 post
219 4123 326 4213 gravia
339 4140 371 4187 et
387 4124 507 4189 atrocia
520 4123 640 4189 damna
653 4146 731 4213 pace
744 4138 801 4187 aut
816 4122 955 4188 induciis
970 4124 1198 4212 interquiesce-

130 4242 222 4306 rent,
239 4240 296 4289 aut
315 4223 427 4289 saltem
448 4224 556 4289 hieme
575 4225 834 4309 remitterentnr3
850 4225 883 4288 in
906 4226 1009 4307 Urbe,
1031 4249 1098 4290 non
1114 4248 1196 4291 con·

131 4326 331 4409 ditionibus,
356 4350 423 4390 non
443 4343 589 4418 tempore
608 4327 749 4392 leniente
772 4327 852 4407 uas,
871 4332 941 4393 sine
957 4328 1197 4393 intermissione

132 4429 323 4493 certabatur.
353 4428 444 4492 Nova
468 4445 501 4493 et
526 4429 642 4518 ingens
667 4430 836 4496 eontentio
862 4453 901 4494 ex
930 4452 970 4494 eo
997 4444 1195 4512 surrexerat,

133 4529 222 4618 qnod
232 4531 292 4596 Cn.
304 4529 499 4620 Pompeius,
512 4530 558 4597 Μ.
573 4532 724 4615 Crassus,
738 4552 821 4620 quos
832 4531 931 4597 ullius
941 4529 1036 4594 bone
1046 4528 1093 4592 rei
1102 4551 1198 4596 cause
