2670 5018
222 776 276 844 ut
306 774 743 846 Loe.me.1.xxxv
773 781 985 853 mutarn.
1069 780 1134 879 159

72 895 166 960 «dam
190 918 271 960 esse.
295 895 368 958 Tibi
390 895 475 983 viget
494 911 586 977 aetas,
604 900 689 987 viget
710 898 920 988 gerendarum
941 925 1048 966 rerum
1075 928 1133 968 cu·

74 996 194 1084 npido:
218 1018 278 1059 nee
299 994 374 1059 ideo
397 995 561 1058 cautionis
578 1017 650 1086 eges
665 999 843 1080 ,animum
855 1000 1135 1092 prudentiamque

74 1114 184 1161 «tuam
215 1096 326 1184 paucis
356 1095 522 1159 mensibus
552 1099 671 1178 majore
700 1099 899 1165 documento
925 1105 1134 1191 approbasti,

75 1221 193 1286 «quam
211 1198 307 1262 edere
321 1199 416 1262 multi
427 1213 548 1261 veteres
559 1200 768 1288 imperatores
781 1218 968 1288 potuerunt.
984 1206 1046 1268 Abi
1061 1229 1136 1295 ergo

76 1300 192 1363 «bonis
208 1300 342 1381 avibus,
359 1314 391 1362 et
413 1299 479 1361 illas
500 1298 592 1362 uobis
611 1302 790 1388 provincias
807 1302 933 1390 recipe:
952 1325 1019 1366 nou
1037 1308 1137 1394 magis

76 1401 158 1465 «illic
171 1400 264 1488 pares
278 1400 336 1463 tibi
354 1399 497 1462 hostium
518 1398 616 1463 duces
640 1416 752 1480 erunt,
771 1424 869 1488 quam
892 1402 1043 1485 fuerunt,
1064 1408 1137 1492 qui-

78 1503 234 1566 «buscum
261 1502 417 1564 hacteuus
444 1522 477 1563 es
505 1523 705 1589 congressus.
731 1502 800 1588 Ego
830 1501 906 1564 hinc
930 1503 1021 1567 facile
1042 1507 1139 1568 susti-

79 1628 201 1668 «nuero
222 1603 364 1666 bellum:
381 1602 408 1665 si
426 1617 457 1665 ct
478 1601 518 1664 ab
536 1602 588 1664 illa
605 1619 693 1691 parte
716 1603 896 1691 superiores
913 1604 1030 1685 simus,
1051 1606 1139 1670 baud
1240 1640 1244 1651 ·

79 1703 286 1768 «dubitanter
301 1726 319 1766 e
338 1720 550 1790 tyrannorum
566 1704 714 1766 manibus
729 1705 991 1792 recuperabimus
1008 1730 1139 1796 rempu-

81 1807 252 1870 -blicatn.»

122 1909 193 1970 XX.
220 1908 297 1970 Haee
318 1906 373 1968 ubi
398 1906 484 1968 Sulla
505 1904 646 1986 dixerat,
664 1905 857 1993 Pompeius,
878 1910 1023 1994 quamvis
1040 1911 1073 1972 in
1089 1911 1140 1974 illa

82 2023 168 2070 aetate
182 2023 215 2071 et
226 2006 374 2086 fortuna,
390 2005 554 2071 modestiae
566 2007 641 2070 satis
653 2022 765 2087 tenax,
782 2009 924 2096 negavit,
941 2027 1064 2074 rectum
1079 2012 1140 2075 sibi

82 2109 198 2191 videri,
215 2109 241 2172 si
260 2125 338 2171 natu
356 2123 387 2172 et
402 2107 557 2196 dignitate
573 2107 686 2188 majori
704 2108 902 2194 provinciam
920 2126 1137 2199 extorqueret.

84 2211 215 2297 =Neque
231 2232 331 2288 vero,
353 2224 384 2272 te
402 2208 593 2290 mandante,
612 2208 791 2295 quidquam
815 2211 936 2298 negotii
954 2210 1138 2301 defugiam

84 2335 165 2375 ·nou
189 2313 345 2400 cepissem
362 2311 430 2374 haec
448 2333 554 2391 arma,
574 2326 659 2374 certe
673 2333 739 2373 uon
755 2311 798 2373 ita
816 2311 992 2398 cepissem,
1008 2314 1033 2376 si
1052 2315 1140 2376 labo-

85 2415 189 2477 ·ribus
205 2431 238 2477 et
253 2412 403 2500 perieulis
417 2412 594 2500 potuissem
610 2413 790 2476 absterreri.
811 2411 874 2476 Sed
892 2414 932 2494 Q.
950 2416 1098 2479 Metellus
1114 2417 1140 2478 is

84 2536 175 2578 «sane
188 2514 238 2576 vir
250 2529 315 2593 est,
330 2536 426 2600 quem
439 2536 455 2575 a
468 2534 520 2576 me
531 2514 682 2577 affectum
697 2514 815 2593 injuria
826 2514 925 2577 videri
939 2517 1040 2578 nolim
1054 2539 1060 2580 :
1078 2518 1141 2580 for·

85 2616 191 2678 «lassis
204 2615 300 2678 etiam
315 2637 373 2702 per
388 2637 422 2677 sc
438 2637 488 2677 res
501 2615 546 2677 ita
560 2631 665 2703 geret,
679 2631 716 2678 ut
734 2615 873 2678 fortune
887 2631 949 2678 tuae
962 2616 1140 2681 desiderio-

85 2740 164 2804 ·que
177 2715 392 2804 respondeat:
410 2715 498 2802 quod
517 2717 544 2779 si
560 2718 644 2780 forte
662 2716 694 2777 in
713 2731 839 2778 tantum
857 2716 961 2804 impar
981 2716 1067 2781 hosti
1086 2720 1140 2781 fu·

84 2833 191 2880 ·turus
212 2834 284 2897 est,
310 2832 347 2880 ut
368 2817 527 2880 sustinere
549 2840 625 2880 eum
648 2839 742 2905 posse
765 2816 908 2899 diffidat,
930 2819 1017 2883 haud
1042 2819 1140 2884 dubie

85 2919 206 2982 ·mittet
221 2918 262 2982 ad
283 2935 314 2981 te
331 2918 454 3001 literas,
474 2936 506 2982 et
522 2918 694 2981 consilium
718 2918 815 2981 rebus
834 2918 901 2981 suis
919 2919 1141 3007 auxiliumque

85 3019 275 3106 «postulabit
288 3042 295 3083 :
310 3020 380 3107 ipso
396 3041 494 3106 porro
510 3035 705 3099 arcessente,
720 3035 889 3106 promptus
902 3037 934 3083 et
946 3021 1062 3083 lubens
1075 3022 1140 3086 ibo.

123 3122 211 3185 XXI.
235 3122 298 3185 «Et
316 3122 400 3184 banc
416 3121 608 3184 seutentiam
626 3120 685 3182 tibi
700 3143 832 3207 quoque
845 3121 975 3207 probari
994 3144 1061 3184 non
1078 3121 1142 3186 du·

86 3221 188 3305 «bito,
206 3224 397 3311 imperator,
416 3224 469 3286 eui
489 3237 520 3286 et
537 3223 598 3309 ipsi
617 3221 716 3284 fuisse
731 3221 858 3284 viderer
871 3220 959 3299 justo
977 3221 1142 3308 cupidior,

85 3326 130 3388 ·si
144 3326 339 3413 provinciam
354 3325 493 3388 oblatam
509 3324 617 3387 statim
634 3323 821 3409 acciperem.
841 3321 904 3385 Sed
918 3337 951 3384 et
962 3322 1072 3403 nobis,
1086 3323 1144 3409 qui

86 3447 162 3512 «pro
178 3426 303 3515 legibus
318 3443 349 3490 et
360 3425 526 3514 republica
540 3424 681 3513 gerimus
696 3423 816 3486 bellum
827 3470 836 3503 ,
848 3422 1017 3485 honestius
1027 3424 1143 3505 luerit,
1215 3441 1218 3447 ’

87 3526 183 3589 ·nihil
208 3526 422 3605 commisisse,
442 3524 531 3613 quod
555 3525 616 3589 illis
639 3546 753 3613 parum
776 3546 954 3611 congruere
975 3523 1142 3590 videatur:

87 3650 210 3714 tneque
228 3627 371 3691 fortassis
387 3627 467 3690 utile
482 3627 540 3706 sit,
561 3627 601 3708 Q.
624 3626 791 3691 Metellum
814 3640 901 3688 tanta
924 3624 1090 3688 nobilitate
1112 3644 1145 3691 et

86 3729 202 3817 ·gratia
223 3730 329 3792 virum
354 3727 501 3792 offendi:
521 3750 595 3791 nam
616 3744 750 3816 propter
770 3727 880 3807 illum,
898 3742 930 3789 et
943 3727 969 3788 si
986 3727 1042 3812 qui
1061 3751 1143 3817 prae·

86 3844 189 3893 ¹term
210 3846 289 3893 sunt
310 3830 378 3910 ejus
399 3829 535 3910 similes,
562 3830 765 3917 optimatium
789 3844 894 3916 partes
919 3851 1091 3913 vocamur;
1111 3849 1144 3895 et

86 3931 380 4018 ·quemadmodum
407 3931 492 3995 illius
518 3931 607 3994 favor
630 3931 808 3994 multorum
828 3929 886 3992 tibi
908 3927 1053 4008 adjunxit
1074 3932 1145 3994 ani·

87 4054 194 4113 «mos,
211 4033 255 4096 ita
271 4032 365 4095 multi
383 4055 417 4094 sc
436 4031 526 4095 laesos
538 4033 571 4093 in
587 4054 654 4094 uuo
665 4031 839 4118 putabunt.
857 4031 1012 4093 Praeterca
1026 4049 1145 4095 morta·

87 4133 182 4197 «lium
201 4134 351 4197 omnium
369 4135 432 4198 fata
449 4133 612 4222 dispensat
631 4134 737 4196 Deus:
753 4133 810 4219 qui
828 4133 853 4196 si
866 4134 949 4195 forte
966 4132 1006 4195 de
1022 4157 1074 4197 me
1087 4135 1144 4198 ali·

87 4234 182 4322 «quid
210 4237 243 4299 in
273 4235 326 4298 illa
350 4235 514 4323 provincia
542 4235 646 4298 secius
670 4233 878 4314 decerneret,
904 4233 967 4311 jam
994 4236 1142 4298 omnium
1232 4229 1239 4245 ’

88 4336 258 4399 ·conviciis
285 4358 351 4398 nou
378 4358 448 4398 mea
472 4337 577 4399 solum
608 4335 789 4414 temeritas,
812 4334 868 4398 sed
894 4350 988 4396 tuum
1011 4357 1143 4420 quoque

88 4438 276 4501 ⁸consilium
293 4436 466 4523 vapularet.
485 4468 496 4490 ν

129 4538 232 4614 xxtt.
254 4536 302 4599 lta
322 4559 372 4599 res
389 4536 485 4600 dilata
499 4553 564 4616 cst,
583 4535 687 4599 donec
701 4559 770 4599 eam
787 4537 819 4597 iu
841 4534 1031 4598 senteutiam
1049 4535 1145 4620 paulo
