2670 5018
264 744 306 825 ¹4
439 741 506 809 JO.
534 739 877 809 FREINSHEMll
907 739 1153 812 SUPPLEM.

257 864 401 929 duorum
419 883 588 927 servorum
604 856 780 927 laboreriis
796 860 1002 944 sublevatus,
1019 864 1102 928 etin
1119 866 1252 930 alteram
1270 870 1330 933 im-

257 967 383 1055 positus
409 980 468 1028 est.
495 965 633 1050 lamque
661 960 796 1027 aderant
818 962 967 1051 equites,
992 979 1025 1027 ct
1051 981 1164 1031 nautas
1189 967 1330 1035 clamore

257 1070 381 1133 cientes
396 1062 550 1155 appellere
561 1062 738 1147 jubebant,
759 1078 819 1129 eut
831 1063 943 1128 saltem
956 1069 1157 1156 prespitero
1176 1071 1211 1133 in
1231 1095 1331 1161 eques

254 1171 385 1249 Mario,
406 1190 469 1256 quo
492 1169 698 1232 instituissent
718 1188 860 1246 cursum,
874 1190 1019 1256 pergere.
1042 1168 1106 1235 Sed
1127 1173 1329 1261 supplicante

257 1295 335 1339 cum
355 1271 505 1359 lacrymis
521 1292 618 1351 sene,
636 1268 760 1333 domini
779 1269 887 1350 navis,
903 1285 1078 1359 postquam
1096 1271 1154 1337 diu
1174 1272 1328 1341 fluctuas·

257 1390 329 1439 sent
345 1373 481 1452 animis,
498 1386 659 1461 negarunt
680 1392 715 1434 sc
733 1369 847 1449 ejicere
868 1371 974 1435 virum
997 1395 1103 1460 posse.
1124 1376 1253 1442 Deinde
1270 1378 1328 1442 ubi

256 1497 332 1539 cum
356 1473 522 1538 atrocibus
546 1470 642 1537 minis
662 1471 789 1559 equites
810 1471 866 1536 citi
887 1490 1107 1558 recesserunt,
1128 1477 1249 1542 iterum
1264 1481 1327 1544 im·

256 1592 381 1642 mutata
400 1591 525 1656 mente,
541 1571 582 1638 ad
602 1573 684 1639 Liris
707 1574 812 1638 amnis
831 1573 912 1639 ostia
929 1597 1031 1665 prope
1049 1593 1167 1643 terram
1179 1581 1329 1660 jecerunt

257 1699 412 1758 ancoras3
428 1676 615 1765 hortatique
628 1675 790 1758 Marium,
803 1691 841 1740 ut
852 1675 894 1741 ad
907 1675 1019 1743 cibum
1032 1680 1243 1768 capiendum,
1257 1708 1329 1750 cor·

258 1802 386 1870 pusque
414 1778 533 1843 rectius
560 1776 744 1842 curandum
772 1793 822 1842 tot
849 1776 1009 1843 afflictum
1031 1780 1268 1867 incommodis,
1293 1788 1327 1855 in

257 1900 377 1948 terram
400 1877 627 1960 exscendcret,
649 1877 772 1960 donec,
793 1879 851 1966 qui
872 1895 954 1944 stata
976 1881 1056 1947 hora
1076 1881 1152 1949 liare
1172 1885 1327 1971 debebat,

255 2000 374 2050 ventus
400 1997 565 2072 surgeret,
585 1981 721 2047 sublatis
746 1980 824 2045 velis
851 1981 885 2045 in
911 1983 1056 2070 gremino
1079 1986 1328 2055 accumbentem

247 2086 471 2174 reliquerunt.

302 2187 438 2252 XXXV.
457 2186 505 2250 lta
518 2185 689 2250 derelictus
704 2185 746 2249 ab
762 2185 916 2250 omnibus
932 2186 1142 2270 hominibus,
1159 2189 1218 2254 diu
1236 2193 1270 2255 in
1288 2193 1328 2258 li·

259 2288 329 2356 tore
340 2290 410 2354 sinc
421 2311 502 2353 voce
511 2287 631 2367 jacuit:
648 2303 821 2375 postquam
836 2310 919 2376 egre
930 2310 965 2352 se
979 2290 1160 2380 recollegit,
1173 2315 1232 2381 per
1242 2295 1328 2359 invia

257 2409 290 2459 et
304 2393 464 2481 uliginosa
484 2391 575 2470 loca,
591 2390 802 2476 oppletusquc
818 2411 911 2453 coeno
928 2404 960 2453 et
976 2392 1068 2478 aquis
1087 2393 1188 2457 fossus
1203 2394 1329 2463 defectu

257 2493 403 2558 membra
416 2492 565 2571 trahens,
576 2488 707 2553 tandem
719 2489 760 2553 ad
773 2491 973 2580 tuguriolum
986 2494 1092 2576 venit,
1104 2494 1138 2558 in
1150 2519 1216 2584 quo
1229 2521 1330 2564 senex

257 2594 390 2682 quidam
404 2642 412 2674 ,
432 2590 606 2679 paludibus
624 2589 802 2679 purgandis
817 2613 948 2679 operam
965 2592 1042 2657 dare
1054 2594 1187 2677 solitus,
1201 2597 1329 2662 habita-

257 2697 324 2762 bat.
343 2695 393 2760 Ad
414 2694 511 2773 hujus
529 2689 627 2780 pedes
642 2714 677 2754 se
694 2691 864 2774 abjiciens,
877 2694 1116 2777 obtestabatur,
1128 2712 1267 2762 seruator
1278 2715 1329 2763 at·

255 2819 316 2885 que
328 2796 459 2885 erIJ'utor
476 2816 537 2857 esse
553 2790 649 2857 vellet
660 2793 810 2875 tommo,
825 2798 854 2857 si
859 2808 1045 2883 praesentem
1057 2809 1269 2886 tempestatem
1283 2799 1330 2889 es·

243 2897 388 2987 fitgisset
397 2945 407 2976 ‚
428 2896 553 2984 majore
574 2897 718 2984 opinione
728 2900 867 2984 praemie
886 2898 1049 2964 reddituri.
1069 2899 1145 2980 llle,
1163 2902 1229 2965 sive
1248 2904 1328 2968 olim

254 3001 361 3067 visum
373 3019 608 3088 recognoscens
619 3046 628 3078 ,
638 2998 706 3061 sive
720 3020 759 3061 ex
769 2997 926 3086 adspectu
934 3000 1041 3064 virum
1058 3000 1147 3065 haud
1161 3004 1328 3091 vulgarem

253 3103 421 3183 judicans,
437 3098 562 3188 placide
583 3098 769 3186 respondit;
788 3101 954 3188 siquidem
970 3105 1080 3206 quietis
1098 3119 1220 3190 egeret,
1235 3129 1329 3192 posse

254 3207 380 3292 tugurio
396 3206 444 3266 uti
449 3227 461 3281 ,·
476 3204 525 3264 sin
540 3223 615 3265 vero
630 3203 772 3266 minueos
787 3200 911 3291 aliquos
915 3200 1064 3290 sugeret,
1080 3221 1328 3272 monstraturum

255 3330 287 3370 se
300 3308 452 3396 aptiorem
468 3303 596 3367 latebris
612 3301 726 3368 locum.

300 3406 453 3473 XXXVI.
478 3405 526 3471 lbi
540 3403 621 3470 dum
633 3407 725 3484 juxta
739 3402 955 3492 profluentem
973 3407 1006 3470 in
1026 3429 1101 3471 cava
1119 3408 1208 3496 ripa,
1226 3412 1328 3476 multa

254 3509 415 3575 arundine
441 3507 632 3594 levibusque
654 3506 824 3571 sarmentis
844 3523 1012 3570 contectus
1029 3508 1136 3591 sedet,
1159 3510 1268 3575 subito
1286 3512 1328 3577 ad

254 3634 348 3677 aures
365 3609 482 3674 accidit
497 3610 636 3688 elamor,
656 3608 894 3696 increpantium
911 3630 1040 3691 senem,
1058 3628 1090 3676 et
1108 3610 1165 3677 ubi
1186 3613 1326 3678 Marium

254 3711 477 3778 abscondisset
490 3711 677 3791 jubentium
694 3708 885 3775 ostendere:
912 3733 988 3775 narn
1009 3713 1167 3800 quosdam
1190 3736 1327 3796 eorum,

256 3816 314 3902 qui
333 3837 352 3878 a
371 3813 540 3889 Geminio‚
565 3813 607 3878 ad
625 3811 858 3878 retrahendum
880 3813 1038 3895 Marium,
1061 3837 1327 3903 quoquoversum

256 3916 364 3980 emissi
383 3916 532 3994 lucrant,
548 3914 590 3978 ad
609 3912 690 3979 illud
708 3914 909 4003 tuguriolum
926 3938 1018 3980 casus
1034 3916 1203 3982 detulerat.
1224 3919 1256 3982 Is
1276 3936 1329 3984 tu·

256 4018 380 4083 multus
399 4015 567 4080 hominem
585 4014 780 4102 proditionis
794 4032 919 4081 certum
936 4017 1084 4106 subegit,
1099 4035 1137 4081 ut
1154 4021 1258 4085 exutis
1273 4045 1328 4084 ve-

256 4120 361 4184 stibus
384 4119 418 4181 in
442 4115 595 4206 paludem
618 4140 653 4181 sc
677 4118 904 4206 immergeret,
922 4119 1024 4182 oculis
1044 4121 1273 4186 tantummodo
1291 4146 1328 4185 ac

257 4222 389 4286 naribus
402 4219 613 4285 exstantibus.
628 4219 680 4283 Sic
691 4235 837 4306 repertus
852 4235 1078 4307 subactusque
1088 4269 1097 4300 ,
1109 4237 1146 4284 ut
1156 4238 1224 4296 erat
1236 4223 1327 4287 nudo

256 4345 414 4411 corpore,
436 4322 514 4386 limo
538 4343 697 4409 coenoque
714 4320 889 4406 deformis,
907 4322 1025 4402 injecto
1044 4323 1078 4387 in
1096 4323 1216 4388 collum
1237 4325 1326 4405 loro,

290 4512 429 4578 snm.
444 4512 549 4575 Appiam
564 4539 597 4546 -
613 4509 737 4560 Plutarch.
