2670 5018
164 758 189 828 6
344 760 412 827 JO.
437 742 777 826 FREINSHEMH
808 752 1050 823 SUPPLEM.

163 910 177 936 a
188 880 260 971 cogi
275 880 308 942 in
324 876 487 959 ordinem,
507 876 619 949 violari
633 875 747 958 minis,
764 876 878 940 terreri
894 874 982 940 oaede
995 877 1237 941 carissimorum

164 1013 179 1039 a
189 980 353 1072 oportuit,
368 1000 497 1045 causam
512 1000 579 1043 non
600 977 693 1060 dico,
710 978 791 1065 quin
807 976 980 1042 adversarii
996 978 1099 1043 nostri
1119 981 1238 1069 cupitis

164 1115 177 1141 a
188 1083 349 1148 fruantur.
366 1081 422 1146 Sin
436 1103 514 1144 vero
528 1102 707 1168 paucorum
725 1078 974 1167 importunitate
984 1079 1108 1143 victum
1122 1101 1239 1144 consu·

163 1182 253 1248 «lare
265 1181 457 1272 imperium,
472 1179 594 1246 casdem
611 1179 778 1246 clarissimi
791 1180 939 1262 juvenis,
949 1181 1093 1246 consulis
1106 1182 1238 1246 alterius

162 1283 321 1375 «fugam,
345 1283 476 1348 alterius
499 1282 701 1370 periculum,
723 1280 928 1347 dominantes
950 1282 985 1344 in
1005 1282 1088 1346 urbe
1106 1300 1238 1365 nostra,

162 1418 177 1443 ι
187 1408 272 1475 quos
286 1387 397 1475 priore
416 1407 504 1449 anno
522 1385 555 1447 in
569 1383 703 1448 adversa
719 1385 787 1449 acie
799 1400 941 1468 stantes,
959 1383 1046 1448 ferro
1064 1407 1102 1449 ac
1116 1385 1239 1450 virtute

161 1488 346 1571 avicianus,
371 1510 429 1553 vos
453 1490 700 1568 juxta'mecum
724 1486 926 1552 intoleranda
945 1484 1128 1567 judicatis:
1158 1487 1238 1576 quid

161 1589 256 1658 alieri
269 1592 304 1656 in
319 1613 389 1656 rem
407 1594 551 1654 nostram
569 1588 801 1678 publicamque
816 1589 876 1671 sit,
892 1587 1149 1655 consideremus.

204 1695 297 1761 xlv.
316 1723 329 1749 a
342 1691 405 1758 Sed
424 1706 550 1756 mature
573 1688 703 1757 decreto
725 1713 809 1781 opus
834 1707 901 1772 est,
923 1690 1030 1756 donec
1051 1692 1238 1756 consultare

160 1794 422 1876 assummum,
437 1809 470 1858 et
488 1810 599 1882 agere,
618 1814 691 1880 quae
707 1793 878 1874 volumus,
894 1792 980 1857 licet.
1000 1792 1053 1857 Sic
1071 1793 1160 1858 enim
1177 1815 1238 1856 ne·

72 1936 77 1943 ·
160 1897 292 1978 «scitis,
311 1896 392 1961 mihi
418 1896 540 1960 bellum
565 1894 844 1972 mithridaticum,
861 1895 955 1960 vobis
979 1917 1041 1986 ego
1063 1895 1240 1984 imperator

159 1999 313 2089 «eripior.
331 2000 368 2064 C.
382 1998 487 2063 Mario
502 1996 666 2063 tradimini
680 2020 689 2062 r
704 1996 766 2062 nisi
789 2013 898 2062 umen
919 2019 978 2061 vos
999 1998 1053 2061 ille
1076 1995 1238 2079 fastidiat,

161 2114 218 2165 «et
231 2100 369 2165 alterum
392 2099 570 2164 exercitum
592 2120 720 2189 nupero
739 2099 933 2164 commilitio
951 2103 1114 2164 notiorem
1138 2100 1237 2164 malit.

161 2201 283 2291 «Atqui
302 2201 503 2290 provinciam
524 2201 631 2283 illam,
653 2216 687 2265 et
703 2200 762 2265 has
780 2200 924 2290 legiones
938 2216 1070 2265 senatus
1084 2199 1166 2269 mihi
1182 2198 1240 2263 de·

161 2334 175 2361 «
184 2302 296 2370 derat:
312 2320 346 2368 ct
361 2318 423 2392 ego
434 2303 498 2384 jam
512 2300 553 2366 ad
567 2302 794 2384 trajiciendum
806 2302 917 2367 omnia
928 2324 1132 2391 paraveram,
1145 2302 1237 2366 laetus

160 2418 217 2469 «et
228 2404 401 2486 munaus,
420 2426 489 2467 non
507 2419 546 2468 ut
566 2404 646 2468 mihi
665 2420 793 2468 tantum
811 2404 947 2494 gloriam
966 2405 1240 2493 triumphumque

161 2538 174 2562 ι
187 2528 227 2570 ex
247 2506 330 2570 veris
347 2505 499 2570 hostibus
513 2525 711 2593 quaererem,
725 2506 782 2572 sed
796 2507 893 2571 etiam
911 2522 950 2573 ut
960 2507 1053 2572 vobis
1065 2505 1239 2595 aliquando

159 2638 173 2662 ι
184 2606 338 2672 referrem
353 2608 505 2696 gratiam;
521 2630 668 2696 vosque,
687 2626 737 2674 tot
753 2610 921 2675 exantlatis
941 2633 994 2674 me
1011 2608 1096 2675 duce
1112 2633 1173 2699 pro
1187 2633 1239 2673 rc·

160 2708 314 2799 -puhlica
326 2708 513 2790 laboribus,
535 2711 738 2775 asiaticarum
764 2734 867 2800 opum
885 2713 972 2801 larga
990 2727 1024 2776 et
1042 2710 1127 2775 facili
1147 2713 1239 2799 copia

160 2841 173 2867 α
185 2809 341 2894 ditarem3
356 2833 423 2899 quo
443 2811 600 2898 reliquam
621 2812 776 2902 deinceps
797 2830 924 2878 aetatem
947 2814 980 2876 in
994 2812 1062 2876 otio
1076 2813 1240 2901 locuplete

160 2942 174 2970 ι
184 2926 219 2976 et
230 2912 394 2976 honorato
408 2911 579 3002 degeretis.

205 3013 277 3078 XV.
302 3014 390 3079 «sed
410 3015 480 3079 haec
505 3032 539 3079 et
563 3015 623 3079 alia
646 3016 741 3079 nohis
765 3030 914 3104 ereptum
938 3031 1019 3081 eunt
1037 3013 1237 3095 injustissimi

159 3118 336 3183 «mortales
350 3139 358 3181 t
373 3117 464 3206 quod
479 3119 506 3181 si
520 3117 613 3181 vobis
630 3118 901 3200 volentibusest,
921 3118 1019 3183 doleo
1033 3134 1066 3182 et
1084 3117 1238 3204 quiesco:

159 3249 172 3275 κ
184 3220 231 3301 si,
248 3218 339 3308 quod
351 3219 424 3299 jure
441 3219 555 3284 datum
570 3236 638 3301 est,
654 3242 713 3308 per
728 3220 881 3301 injuriam
894 3219 1013 3284 auferri
1031 3242 1098 3284 non
1117 3219 1239 3299 sinitis,

160 3308 251 3386 anon
280 3343 333 3386 me
361 3321 551 3386 subtraham
577 3321 671 3387 robis
700 3322 841 3404 ducem,
870 3321 911 3386 ad
939 3322 1133 3412 capessenda
1152 3321 1240 3401 jussa

157 3452 171 3477 α
182 3425 326 3513 prompti
344 3424 511 3512 paratique
533 3441 611 3489 este.
624 3454 637 3480 υ
658 3423 710 3489 Ad
726 3424 796 3488 haec
812 3424 929 3505 verba,
949 3442 1139 3512 quanquam
1158 3422 1239 3486 nihil

159 3524 301 3611 apertius
319 3523 360 3588 de
378 3526 548 3614 proposito
567 3547 629 3590 suo
645 3524 753 3589 dicere
778 3541 847 3589 erut
867 3548 985 3607 ausus,
1006 3527 1238 3589 succlamatum

160 3646 179 3689 a
197 3626 356 3691 militibus
376 3643 443 3709 est,
459 3628 569 3708 facile,
584 3626 665 3716 quid
683 3628 798 3708 vellet,
816 3628 1131 3715 interpretantibus,
1151 3627 1241 3690 hono

159 3742 245 3791 esset
255 3729 385 3808 animo,
401 3744 434 3792 et
452 3745 538 3793 recta
554 3728 690 3792 duceret
703 3727 745 3791 ad
761 3728 906 3792 Urbem:
921 3750 981 3793 nec
998 3729 1086 3793 enim
1101 3728 1240 3816 impera-

159 3829 239 3893 toris
254 3830 483 3896 tantummodo
497 3833 601 3895 vicem
616 3828 789 3911 dolebant,
801 3829 859 3894 sed
872 3829 914 3894 de
930 3853 988 3895 sua
999 3851 1135 3918 quoque
1149 3846 1241 3893 erant

160 3928 307 4010 solliciti,
325 3952 366 3994 ne
388 3931 472 3995 forte
488 3932 611 3995 Marius
628 3930 670 3996 ad
689 3932 812 3996 bellum
826 3979 835 4012 ,
850 3946 888 3995 ut
903 3932 1077 4011 rebantur,
1097 3929 1191 3995 facile
1210 3951 1242 3997 et

161 4047 384 4119 quaestuosum
403 4033 466 4098 alio
483 4036 593 4121 potius
610 4034 754 4099 exercitu
769 4051 929 4098 uteretur.

205 4130 293 4198 xvl.
307 4134 412 4223 Igitur
426 4134 576 4200 tribunos
588 4158 607 4198 a
621 4134 724 4200 Mario
741 4138 923 4225 praemissos
936 4132 1100 4222 lapidibus
1115 4156 1240 4222 coopc-

160 4233 268 4315 riunt3
287 4235 454 4323 signisque
472 4237 651 4324 correptis,
671 4255 848 4326 properant
863 4239 1014 4300 Romam.
1036 4236 1087 4299 lbi
1107 4259 1240 4323 quoquc

167 4336 308 4425 populus
331 4337 497 4424 inquietus
520 4355 552 4401 et
570 4338 693 4403 discors
714 4340 829 4430 agebat
846 4363 853 4403 ι
871 4339 940 4402 aliis
963 4339 1099 4401 unicum
1120 4337 1239 4400 ‹luccru

198 4529 284 4593 §th
298 4536 336 4581 lo.
351 4533 483 4581 lartioclrru
504 4562 538 4572 -
556 4535 660 4599 ¹lppian.
675 4564 709 4598 χ-
722 4537 838 4584 Plutarch
858 4536 883 4583 in
897 4536 962 4583 Sulla
977 4544 1000 4582 rt
1015 4537 1079 4582 Mur,
