2670 5018
698 388 708 403 b

120 768 1179 807 ΜΜΜΨΜΜΜΜΜΜΜΜΜΜΜΜΜΜΜΜἊ

260 976 546 1068 JOANNIS
585 980 1043 1072 FREINSHEMII

169 1221 1133 1368 SUPPLEMENTORUM

340 1419 953 1631 arrianorum

524 1770 703 1849 LIBER
741 1774 774 1850 L

269 1989 317 2043 IN
346 1990 498 2046 LOCUM
523 1991 645 2047 LIBRI
672 1992 823 2048 LXXXV
852 1994 1037 2050 LlVlANl.

457 2242 846 2276 ψ

532 2462 774 2529 ΕΡΙΤΟΜΕ

314 2621 445 2676 urnn1
476 2620 776 2678 ucroousuur
804 2623 987 2692 Qnrurr.
1094 2600 1098 2610 '

129 2749 190 2804 Sulla
205 2751 235 2805 in
254 2751 363 2806 ltaliam
381 2771 442 2804 cnm
455 2752 571 2804 exercitu
587 2752 707 2824 trajecit,
725 2752 863 2823 missisque
875 2751 985 2823 legatis,
1006 2753 1052 2823 qni
1070 2753 1103 2805 de
1120 2771 1184 2823 paco

158 2845 280 2904 agerent,
300 2852 317 2885 a
333 2835 441 2887 consule
454 2835 484 2887 C.
497 2836 623 2887 Norbano
640 2835 763 2897 violatis,
782 2835 904 2889 eumdem
922 2837 1076 2889 Norbanum
1094 2836 1185 2908 praelio

158 2917 226 2971 sicit.
245 2918 281 2969 Et
294 2936 378 2989 quum
395 2919 428 2970 L.
444 2918 574 2989 Scipionis
589 2919 696 2970 alterius
709 2918 841 2982 consulis,
853 2937 913 2971 curn
927 2939 982 2990 quo
993 2939 1040 2989 per
1055 2919 1145 2971 omnia
1157 2918 1184 2971 id

160 3015 264 3071 egerat,
282 3013 312 3054 ut
325 3020 416 3074 pacem
423 3004 561 3075 jungeret,
574 3021 623 3054 ucc
634 3015 772 3073 potuerat,
791 3014 877 3055 castra
890 3013 1090 3074 oppugnaturus
1101 3015 1185 3065 essct,

160 3084 295 3136 universus
311 3086 439 3141 exercitus
452 3085 587 3148 consulis,
605 3083 760 3139 sollicitatus
774 3105 821 3156 per
837 3086 945 3139 emissos
960 3105 977 3138 a
989 3087 1061 3139 Sulla
1072 3086 1186 3150 milites,

162 3165 231 3237 signa
246 3165 280 3218 ad
294 3167 394 3220 Sullam
407 3168 551 3222 transtulit.
566 3167 671 3239 Scipio,
687 3187 770 3239 quum
784 3168 871 3222 occidi
884 3180 989 3240 posset,
1006 3168 1129 3221 dimissus
1140 3182 1185 3221 est

162 3249 209 3301 Cn.
219 3250 377 3321 Pompeius,
392 3251 442 3303 Cu.
453 3252 484 3303 F.
496 3255 565 3325 ejus,
575 3251 621 3322 qni
631 3253 757 3303 Asculum
770 3265 892 3323 ceperat,
907 3253 1057 3323 conscripto
1069 3254 1187 3306 volunta·

163 3329 260 3383 riorum
275 3334 407 3397 exercitu,
423 3353 483 3387 cnm
500 3335 583 3388 tribus
596 3334 744 3405 legionibus
756 3335 790 3387 ad
803 3336 904 3390 Sullam
915 3349 1038 3397 venerum
1056 3335 1089 3387 ad
1107 3355 1186 3407 quem

163 3433 190 3465 se
202 3416 326 3469 nobilitas
336 3417 423 3470 omnis
431 3419 598 3482 conferebat,
610 3419 646 3470 ita
657 3431 686 3471 ut
696 3418 799 3471 deserta
810 3420 883 3492 Urlge
899 3419 934 3471 ad
946 3429 1030 3470 castra
1044 3418 1186 3471 veniretur.

162 3497 287 3554 Prsterea
298 3501 476 3573 expeditiones
484 3521 532 3574 per
543 3513 625 3555 totam
637 3501 741 3556 ltaliam
756 3504 893 3573 unlusque
908 3502 991 3573 partis
1008 3499 1107 3553 ducum
1121 3502 1188 3552 relc·

164 3595 266 3637 runtur.

134 3738 157 3802 l.
176 3702 365 3806 surmus
392 3739 499 3801 classis
524 3737 610 3826 apud
630 3737 900 3816 Brundisiumne,
927 3759 968 3798 an
987 3736 1186 3816 Tarentum,

133 3839 233 3925 copias
246 3839 445 3925 exposuerit,
458 3838 647 3927 ambignum
659 3838 781 3902 diversi
787 3855 935 3901 auctores
947 3837 1071 3902 iaciunt
1082 3860 1089 3900 :
1102 3836 1190 3900 credi

133 3955 235 4003 tamen
248 3953 371 4028 potest,
390 3955 522 4003 neutros
532 3940 608 4002 salsa
620 3939 744 4018 dicore,
761 3937 851 4025 quod
863 3953 950 4002 tanta
962 3938 1092 4000 navium
1107 3938 1191 4000 mul-

133 4040 266 4104 titudine
280 4039 383 4124 (mille
392 4038 547 4103 ducentas
559 4041 611 4105 alii
624 4041 739 4120 fuisse,
750 4039 802 4102 alii
814 4038 1059 4128 quadringentis
1071 4038 1192 4101 auctio·

132 4164 196 4204 rem
220 4162 395 4203 numerum
415 4140 579 4226 produnt)
602 4156 739 4227 uterque
761 4155 873 4226 portus
898 4141 1013 4227 repleri
1037 4138 1189 4225 potuerit.

133 4243 331 4306 Brundisinis
343 4257 444 4322 certe,
456 4242 546 4329 quod
556 4233 705 4330 prompte
716 4256 911 4328 exceperunt
921 4240 1103 4317 venientes,
1117 4258 1194 4298 con-

132 4364 249 4407 cessam
276 4342 318 4406 ah
340 4342 426 4405 Sulla
448 4343 710 4423 immunitatem,
727 4342 768 4405 ad
792 4365 848 4409 sua
869 4359 1015 4428 tempora
1039 4338 1192 4417 durasse,

134 4446 299 4533 Appianus
324 4445 411 4511 testis
430 4460 487 4510 cst.
505 4445 654 4511 Vicissim
679 4443 871 4508 Plutarchus
896 4443 991 4507 Sullae
1014 4442 1190 4504 Tarentum
1267 4532 1272 4539 ι
