2670 5018
245 740 304 811 IN
337 739 456 807 LOC.
483 740 576 807 LIB.
604 741 793 809 LXXVII
822 742 1031 815 LIVIANI.
1135 741 1176 814 13

96 879 225 926 tuerent
247 861 423 926 bominum
444 858 488 922 ob
513 858 675 947 pericula3
700 883 767 924 non
792 863 902 925 minus
917 864 1108 929 metuendae
1131 866 1175 930 ob

97 964 270 1051 mantiam
287 960 481 1026 solitudines
497 977 611 1026 erant:
630 984 704 1025 sero
722 962 756 1024 in
774 962 934 1027 bubulcos
953 988 1073 1053 paucos
1092 968 1176 1032 inci·

96 1065 238 1141 derunt,
258 1065 317 1153 qui
330 1063 408 1128 dare
424 1062 559 1151 quidem
579 1063 661 1128 nihil
674 1080 825 1153 poterant
841 1080 970 1154 egentes
987 1070 1175 1155 egentibus,

98 1166 155 1230 sed
171 1166 322 1257 agnitum
335 1165 479 1230 Marium
497 1164 638 1230 celeriter
652 1165 814 1246 jubebant
826 1190 858 1230 se
870 1167 1038 1233 subducere
1049 1195 1063 1249 ;
1072 1171 1175 1259 paulo

97 1271 180 1331 enim
208 1283 286 1332 ante
312 1290 463 1354 maguam
487 1264 622 1356 cts'fur‘sse
650 1270 788 1356 equitum
814 1293 962 1350 martum,
986 1294 1058 1359 quae
1085 1271 1176 1337 illum
1214 1284 1216 1288 '

97 1385 262 1459 quaereret.
1020 1381 1024 1390 '

143 1473 284 1537 XXXII.
299 1471 445 1537 Plurima
461 1487 533 1535 tum
547 1472 710 1535 malorum
724 1472 832 1561 imago
849 1472 1108 1537 circumsistebat
1120 1475 1179 1538 bo·

100 1576 244 1638 minem:
262 1572 390 1656 nudus,
410 1572 575 1654 desertus,
594 1573 714 1661 inops,
724 1574 811 1638 inter
828 1575 943 1639 mortis
958 1590 992 1638 et
1003 1591 1178 1640 contume-

99 1679 216 1740 liarum
239 1675 387 1740 assiduos
408 1691 568 1755 terrores,
585 1674 730 1757 Italiam,
752 1696 850 1764 quarn
871 1674 1054 1740 honoribus
1072 1677 1177 1765 impe·

100 1778 222 1865 riisque
238 1777 306 1842 suis
325 1776 422 1842 toties
438 1794 627 1858 ornaverat,
645 1777 745 1841 semel
762 1778 948 1864 iterumque
965 1777 1176 1861 defenderat,

100 1897 138 1943 ut
151 1879 305 1942 hostilem
317 1893 436 1942 terram
449 1878 562 1967 fugere
577 1878 765 1968 cogebatur.
781 1881 917 1967 Jamque
927 1880 1026 1944 etiam
1041 1881 1177 1945 comites

101 1980 197 2044 taedio
215 1996 249 2044 et
271 1979 380 2045 inedia
398 1979 608 2063 fatiscebant3
625 2003 748 2066 quum,
766 1982 885 2046 omissa
903 1982 1034 2047 militari
1054 1984 1124 2064 via,
1142 1984 1176 2047 in

101 2080 306 2168 profundum
321 2103 438 2144 nemus
455 2082 593 2145 secessit.
613 2081 663 2145 Ibi
678 2104 782 2170 quum
801 2107 1018 2148 aerumnosam
1030 2108 1108 2149 sane
1122 2109 1179 2151 no·

101 2198 186 2245 ctem
204 2182 383 2271 exegIsset,
399 2198 536 2271 cogente
558 2183 685 2271 inopia,
707 2200 740 2247 et
756 2206 913 2273 corpore,
932 2185 1038 2250 donec
1055 2186 1178 2275 aliquid

100 2301 285 2373 superesset
310 2283 454 2365 virium,
479 2306 617 2367 usurus,
645 2284 827 2349 secundum
850 2286 926 2351 litus
950 2287 1096 2368 incessit,
1121 2287 1179 2352 ad·

101 2385 237 2450 hortans
258 2385 411 2467 comites,
434 2409 472 2449 ne
494 2383 663 2472 deficerent
682 2389 817 2468 araimt's,
838 2411 912 2452 neve
936 2412 1001 2476 spes
1024 2411 1097 2452 suas
1116 2413 1177 2453 ex·

101 2501 234 2568 tremas,
260 2502 291 2551 et
310 2489 469 2576 promissa
494 2490 659 2552 nummum
685 2493 858 2553 immanere
886 2489 1016 2553 mollitae
1038 2513 1179 2554 corrum-

96 2604 217 2675 parent.

146 2690 310 2754 XXXIII·
324 2690 397 2754 Sibi
412 2692 495 2754 enim
505 2737 515 2769 ,
535 2713 633 2778 quum
652 2693 722 2754 ruri
742 2691 991 2757 adolescentulus
1004 2707 1128 2780 ageret,
1143 2692 1181 2756 id

102 2808 255 2856 ostentmn
272 2795 403 2855 evenisse
412 2840 422 2871 ,
440 2806 476 2856 ut
492 2806 605 2878 septem
618 2789 709 2881 pulli
724 2792 863 2881 aquilini
875 2817 948 2859 cum
964 2796 1030 2882 ipso
1050 2792 1127 2856 nido
1145 2795 1179 2858 ire

103 2898 203 2959 smum
217 2895 414 2973 deciderem
423 2893 672 2983 parentibusque
689 2896 753 2957 suis
771 2895 927 2959 consultos
943 2895 1122 2983 haruspices
1134 2917 1180 2957 re·

101 2994 360 3084 spondisse,sore
371 3019 404 3059 se
416 2994 600 3060 mortalium
615 2999 756 3060 omnium
770 2998 995 3078 clarissimum,
1011 3019 1180 3061 summum·

102 3122 161 3186 que
170 3102 336 3186 inperium
348 3101 397 3163 uti
404 3100 513 3187 septies
525 3096 804 3187 capessat,fatale
816 3123 888 3163 esse.
899 3098 937 3163 Id
950 3098 1083 3188 quidem
1095 3120 1179 3188 saepe

100 3202 235 3279 jactasse
258 3200 398 3264 Marium
424 3201 459 3264 in
487 3202 637 3265 confesso
662 3217 733 3281 est,
762 3201 807 3263 rei
830 3224 908 3265 vero
933 3199 1032 3264 fidem
1056 3215 1179 3264 naturae

103 3303 211 3365 avium
223 3303 318 3390 periti
330 3301 509 3390 derogant,
523 3319 695 3392 negantes,
708 3302 848 3389 aquilam
862 3303 957 3390 plura
973 3300 1105 3365 duobus
1118 3324 1182 3364 ova

104 3426 226 3490 parere.
242 3403 307 3468 Sed
326 3419 434 3468 tamen
453 3402 488 3467 id
504 3426 581 3467 vere
599 3425 658 3467 seu
675 3403 755 3466 falso
773 3403 973 3491 expositum,
991 3403 1095 3467 Mario
1108 3418 1180 3466 tum

105 3506 260 3593 temporis
281 3506 428 3594 profuit,
451 3521 490 3569 ut
512 3505 553 3569 ad
576 3521 720 3568 extrema
746 3505 857 3569 omnia
880 3527 970 3592 spem
987 3504 1180 3589 animosque

103 3608 239 3672 comites
258 3608 312 3672 sui
329 3606 497 3672 durarent.
513 3606 578 3671 Sed
594 3606 650 3670 ubi
668 3606 710 3670 ad
729 3628 841 3695 passus
855 3605 905 3668 bis
921 3604 1009 3667 mille
1025 3603 1182 3692 quingen·

105 3727 155 3774 tos
176 3711 355 3774 Minturnis
373 3709 570 3792 abfuerunt,
595 3709 693 3773 simul
715 3708 864 3796 equitum
885 3705 968 3768 alam
992 3704 1085 3769 adse
1105 3720 1180 3768 ten·

104 3809 237 3874 dentem
263 3811 393 3875 eminus
419 3832 636 3899 conspexere,
656 3809 755 3873 simul
773 3809 854 3874 duas
877 3829 972 3872 naves
996 3807 1179 3890 onerarias,

104 3934 207 4001 prope
221 3911 314 3994 litus,
331 3934 390 4000 per
404 3911 495 3999 quod
506 3910 702 3976 incedebant
716 3910 794 3999 ipsi,
806 3911 877 3975 vela
891 3910 1064 3974 facientes:
1080 3910 1180 3998 igitur

103 4013 144 4077 ad
160 4013 218 4079 bas
234 4014 333 4078 citato
348 4036 447 4077 cursu
463 4012 578 4095 delatI,
595 4013 747 4101 projectis
764 4012 798 4076 in
815 4034 904 4076 mare
920 4009 1112 4099 corporibus
1127 4009 1181 4073 ad·

104 4131 227 4179 natam.
616 4164 618 4172 Α

147 4214 302 4281 XXXIV.
327 4216 371 4280 Et
395 4215 537 4280 Granius
560 4214 716 4302 quidem,
738 4216 839 4280 altera
856 4215 987 4279 navium
1008 4228 1179 4301 exceptus,

103 4317 136 4379 in
151 4315 318 4382 AEnariarn
331 4315 471 4380 insulam
486 4315 619 4396 trajecit.
634 4315 757 4381 Marius
770 4339 907 4405 corpore
923 4316 1061 4404 gravior,
1076 4314 1181 4378 multo

138 4512 294 4577 sunu.
304 4512 413 4579 appan.
424 4514 481 4566 civ.
491 4513 534 4562 tu.
546 4512 747 4562 1.-num0n.
