2670 5018
259 750 314 819 IN
344 751 460 819 LOC.
485 752 580 818 LIB.
607 752 814 820 LXXXIII
845 754 1058 825 LIVIANI.
1129 782 1193 853 127

130 870 222 935 batus
248 870 356 951 Sulla,
381 885 412 934 et
432 871 607 934 Frinbrlom
628 864 743 960 poenos
763 871 913 936 daturum
938 876 1122 962 respondit3
1146 895 1193 959 ct,

129 972 223 1037 simul
237 976 272 1037 in
288 975 401 1036 Asiam
419 973 601 1061 trajecisset,
623 975 861 1061 appariturum,
884 973 963 1037 bello
980 999 1023 1038 an
1035 1001 1118 1064 pace
1131 981 1196 1043 Mi-

130 1076 282 1139 tbridates
303 1098 381 1164 opus
405 1074 549 1138 tabeat:
569 1075 645 1137 acui
667 1096 746 1163 ego,
768 1075 893 1163 inquit,
912 1077 939 1138 si
957 1076 1102 1142 dextram
1119 1081 1194 1144 reli-

131 1179 313 1265 «quissem,
340 1199 404 1264 qua
430 1194 479 1240 tot
505 1176 624 1239 civium
652 1198 863 1239 romanorum
888 1177 1049 1240 interfecit
1078 1181 1192 1264 millia,

132 1279 403 1364 «procubiturum
426 1277 467 1340 ad
496 1298 601 1364 genua
626 1299 696 1339 mea
720 1277 917 1359 arbitrabar3
946 1277 1068 1342 nedum
1095 1297 1132 1343 ut
1156 1281 1196 1345 de

132 1380 390 1469 ·Paphlagonia,
409 1378 449 1442 de
468 1378 604 1442 navibus
615 1394 748 1466 neget».

172 1481 264 1544 XIX.
282 1481 408 1568 Legatis
423 1478 465 1542 ad
480 1479 550 1542 haec
566 1478 882 1558 obmutescentibus,
897 1479 1064 1567 deprecari
1073 1482 1195 1546 Sullam

134 1580 304 1644 Archelaus
318 1580 433 1667 coepit,
448 1579 661 1666 dextramque
675 1580 841 1667 amplexus
856 1597 981 1668 petere,
995 1597 1034 1645 ut
1044 1605 1076 1645 se
1090 1584 1138 1646 ad
1152 1608 1196 1646 re·

131 1705 197 1768 gem
211 1678 376 1770 proficisci
387 1683 517 1759 sineret,
537 1681 649 1767 quibus
664 1681 796 1744 dedisset
811 1681 929 1768 legibus
945 1684 1119 1748 relaturum
1127 1709 1193 1771 pa-

133 1803 217 1860 cem,·
233 1795 293 1844 aut
307 1785 334 1844 si
348 1782 407 1844 boc
420 1783 583 1869 impetrare
598 1785 794 1869 nequt‘visset,
812 1806 870 1846 sua
886 1787 1080 1872 semetq’rsum
1093 1810 1192 1850 manu

113 1908 117 1917 ·
133 1883 397 1969 iuerernpturum.
411 1885 460 1945 Ita
469 1881 602 1947 dimisso
610 1882 784 1964 Archelao,
797 1884 1036 1970 expeditionem
1048 1888 1082 1949 in
1092 1887 1193 1950 Medi-

133 2003 199 2045 carn
217 1983 378 2067 (Thraciae
393 1983 482 2071 'regio
502 1983 570 2068 est)
587 1984 674 2048 Sulla
691 1984 785 2063 fecit;
803 2007 904 2072 eaque
924 1987 987 2050 late
1004 2004 1141 2068 vastata,
1161 1989 1193 2050 in

134 2082 354 2148 Macedoniam
373 2098 422 2146 est
436 2105 610 2171 regressus.
624 2082 720 2170 Apud
735 2083 901 2170 Philippos
917 2101 1066 2172 agentem
1075 2087 1195 2150 Arche·

135 2185 197 2248 laus
225 2184 400 2264 convenit,
425 2185 535 2248 omnia
558 2207 597 2248 cx
622 2184 723 2246 animi
745 2184 904 2247 sententia
933 2207 1001 2247 esse
1025 2184 1195 2266 dictitans,

134 2303 280 2349 ceterum
296 2286 496 2373 colloquium
511 2286 580 2365 ejus
593 2287 680 2349 enise
696 2303 845 2372 expetere
860 2285 1082 2349 Mithridatem
1096 2311 1104 2367 ς
1121 2310 1194 2350 narn

78 2435 81 2439 .
135 2386 181 2450 ille
192 2385 368 2450 Fimbriam
381 2386 466 2450 hello
477 2387 636 2462 ferocem,
649 2387 749 2474 pactis
764 2385 903 2449 infidum
917 2404 1084 2466 metuens,
1100 2388 1195 2451 Sulla]

133 2489 299 2552 amicitiam
315 2488 456 2576 optabat.

173 2590 247 2653 XX.
267 2589 372 2678 igitur
385 2589 488 2669 Sulla,
508 2612 565 2675 per
580 2589 748 2653 Thraciam
767 2587 809 2651 ad
825 2589 962 2676 Cypsela
981 2591 1123 2654 terrestri
1142 2592 1194 2652 iti·

135 2713 206 2755 nere
219 2713 374 2779 pergens,
389 2692 424 2754 L.
437 2690 610 2754 Lucullum
627 2713 702 2753 cum
721 2688 856 2759 navibus
871 2689 1047 2777 praestolari
1057 2689 1099 2752 ad
1108 2690 1195 2778 Aby-

134 2789 207 2855 dum
220 2792 330 2871 jussit.
347 2793 476 2879 Quippe
495 2791 669 2870 Lucullus,
694 2791 777 2854 circa
795 2790 917 2853 Lecton
938 2791 1074 2854 'I'roadis
1097 2793 1192 2879 regiis

134 2890 284 2956 classibus
299 2892 408 2957 subito
425 2914 563 2955 occursu
580 2889 774 2979 profligatis,
792 2889 909 2953 deinde
920 2891 1137 2977 Neoptolemo
1152 2893 1193 2955 ad

134 2992 299 3057 Tenedum
324 2994 456 3081 fugato,
478 2992 614 3055 feliciter
636 2991 677 3055 ud
698 2991 819 3055 Sullam
842 3007 1074 3077 penetraverat.
1098 2992 1192 3057 Post·

133 3116 225 3180 quam
248 3093 283 3157 in
303 3094 542 3157 Chersonesum
565 3093 724 3156 exercitus
746 3091 910 3179 pervenit,
929 3091 1064 3155 Lucullo
1084 3108 1192 3156 tutum

135 3195 302 3258 transitum
326 3211 358 3258 et
380 3218 475 3259 naves
500 3211 688 3282 praestante,
712 3192 753 3257 ad
769 3193 958 3258 Dardanum
974 3194 1108 3258 Troadis
1125 3197 1192 3259 Ro-

134 3318 245 3360 manus
260 3296 426 3383 processit.
436 3295 561 3359 Eodem
575 3312 608 3360 et
618 3295 822 3360 Mithridates
835 3318 910 3358 cum
926 3296 1061 3360 navibus
1074 3296 1195 3362 ducen-
1291 3344 1296 3351 .

135 3397 171 3459 tis
182 3397 328 3476 advenit,
342 3413 376 3460 et
386 3398 489 3485 gravis
503 3413 672 3461 arumturae
682 3397 796 3485 viginti
809 3397 967 3477 millibus,
985 3420 1039 3460 sex
1051 3398 1192 3462 millibus

133 3498 298 3584 equitum,
314 3521 498 3586 magnoque
513 3520 670 3561 curruum
688 3497 879 3561 falcatorum
894 3521 1042 3561 numero.

174 3599 264 3661 XXI.
279 3598 366 3661 Sulla
376 3598 518 3685 legiones
531 3613 687 3684 quatuor,
700 3599 825 3685 equites
837 3597 995 3661 ducentos
1007 3598 1191 3664 adduxerat.

135 3698 245 3761 Paucis
256 3699 409 3785 utrinque
421 3699 612 3781 comitibus,
624 3698 658 3761 in
669 3715 846 3789 conspectu
857 3715 963 3762 tamen
976 3700 1191 3782 exercituum,

134 3800 164 3863 in
182 3823 333 3888 campum
350 3801 513 3886 colloquio
527 3799 723 3864 destinatum
740 3800 941 3888 prodierunt.
960 3801 1053 3864 Prior
1062 3802 1192 3865 Mithri·

134 3900 232 3977 (lates,
251 3925 354 3990 quum
368 3903 510 3965 venienti
529 3890 624 3965 sutlae
641 3925 814 3966 occurrens
831 3901 975 3967 dextram
994 3904 1191 3992 porrigeret,

134 4004 346 4091 iuterrogatus
363 4003 403 4065 ab
420 4003 474 4065 illo
489 4020 555 4084 est,
568 4007 768 4090 positurusne
781 4019 980 4081 cremasset,
996 4004 1106 4090 qmbrts
1119 4029 1192 4068 core-

133 4105 298 4168 ditmnibus
309 4104 485 4168 Archelaus
490 4106 681 4192 pepigisset?
692 4103 827 4184 deinde,
842 4105 955 4167 silente
968 4127 1058 4192 rege,
1070 4136 1082 4158 n
1093 4108 1190 4193 Atqui

133 4206 396 4295 “deprecantium
416 4222 481 4283 cst,
505 4206 629 4293 inquit,
648 4207 757 4293 priore
776 4206 849 4269 loco
867 4204 992 4284 dicere,
1014 4207 1191 4270 victoribus

133 4309 200 4371 ·vcl
216 4326 322 4373 tacere
337 4308 413 4370 satis
431 4325 479 4370 est
491 4338 515 4369 υ.
536 4307 585 4368 lbi
602 4306 822 4383 Mithridates,
848 4306 980 4394 repetita
1001 4307 1099 4392 patris
1116 4329 1191 4369 sua·

165 4505 249 4569 §XX
262 4503 386 4554 Plutarch.
399 4505 424 4550 in
437 4503 554 4559 Lucullo,
570 4519 623 4566 cap.
640 4518 663 4561 ς,
676 4514 699 4549 rt
710 4502 734 4548 in
745 4503 823 4559 Sulla,
836 4518 890 4566 cap.
903 4510 944 4563 ⁴7·
956 4528 992 4539 -
1004 4504 1108 4567 Appian.
