2670 5018
278 734 334 807 IN
364 734 479 805 LOC.
504 732 598 802 le.
624 728 784 800 LXXIX
812 733 1045 804 LIVIANI.
1130 733 1177 823 45

170 863 209 925 Χ,
231 859 361 948 «Igitur
381 855 439 943 qui
462 854 558 942 paulo
583 867 657 915 ante
681 849 875 939 quibusdam
896 852 1006 919 italicis
1027 859 1177 946 gentibus

134 963 230 1026 «mate
244 957 455 1036 resistebant,
477 975 678 1042 quanquam,
698 952 799 1032 adjuti
821 976 839 1016 a
859 957 995 1034 caeteris,
1016 978 1082 1022 uon
1103 962 1192 1048 qui·¹

133 1061 222 1126 ‹dem
238 1059 369 1148 penittm
384 1056 527 1144 quietam
539 1053 628 1118 domi
642 1054 890 1142 rempublicam,
907 1054 964 1118 sed
977 1072 1082 1122 tamen
1099 1064 1179 1126 tole·

132 1162 290 1227 «rabiliter
304 1159 453 1249 agitatam
466 1155 642 1235 haberent,
659 1153 772 1236 iidem,
789 1153 936 1219 nondum
953 1156 1046 1242 plane
1061 1161 1179 1226 eratin·

133 1281 202 1328 ·cto
217 1262 319 1326 reteri
342 1259 446 1339 bello,
472 1250 594 1320 norum
612 1270 645 1319 et
667 1254 759 1320 civile
780 1270 914 1343 parant3
940 1278 1037 1344 super
1058 1259 1179 1345 priores

132 1365 278 1444 .hostes,
292 1378 417 1451 partem
429 1357 637 1445 antiquorum
648 1355 781 1439 civium,
795 1371 830 1421 et
841 1376 953 1420 omnes
967 1378 1021 1420 eos
1031 1359 1179 1446 populos,
1285 1378 1290 1391 ¹

133 1487 291 1553 tquorum
306 1459 426 1527 auxilio
442 1458 531 1547 prius
544 1456 595 1520 usi
608 1472 702 1538 sunt,
718 1452 913 1520 adversanos
929 1455 1080 1522 habituri.
1096 1459 1180 1523 Nam

133 1565 298 1653 «prolecto
313 1579 371 1626 eut
388 1558 527 1648 graviter
547 1557 657 1638 fallor,
679 1572 735 1620 aut
756 1556 780 1620 ii
800 1558 976 1638 nonestis,
995 1559 1053 1646 qui
1070 1558 1180 1626 deludi

133 1689 207 1730 uos
217 1664 344 1743 feratis,
358 1661 419 1727 tub
432 1675 496 1725 tam
509 1659 629 1747 iniquis
645 1674 677 1723 et
690 1657 931 1746 impudentibus
945 1660 1099 1739 dominis,
1113 1665 1180 1753 pri·

132 1766 266 1830 «stiuam
282 1762 471 1828 servitutem
484 1782 570 1824 novo
586 1759 717 1824 nomine
731 1759 904 1824 toleraturi.

173 1867 229 1931 XI.
246 1898 259 1922 ι
268 1866 373 1930 Etiam
387 1861 562 1950 mancipia,
578 1884 649 1949 quse
663 1883 724 1924 aere
738 1877 849 1926 nostro
863 1863 1061 1950 paravimus,
1077 1888 1179 1954 quum

131 1968 344 2031 ·emittuntur
359 1985 482 2044 manu,
500 1962 534 2025 in
552 1983 650 2049 quam
669 1959 888 2025 conditionem
905 1965 1068 2047 venerint,
1086 1967 1181 2032 intel·

132 2068 272 2157 .Iigtmt;
292 2087 398 2153 neque
421 2062 525 2127 minui
541 2062 602 2126 sibi
621 2061 727 2127 datam
749 2062 927 2127 libertatem
947 2066 1129 2152 patiuntur3
1148 2085 1181 2133 et

132 2167 194 2232 ·de
202 2167 326 2247 injuria
341 2183 553 2255 patronorum
567 2163 778 2251 querentibus
788 2163 841 2243 jus
856 2163 1001 2228 redditur
1013 2190 1021 2230 ε
1033 2167 1180 2235 homines

131 2270 192 2333 ab
212 2270 327 2333 ultima
345 2267 470 2357 origine
488 2265 596 2345 liberi,
622 2263 788 2353 quondam
808 2264 932 2345 emuli,
951 2286 1027 2329 mox
1046 2268 1125 2331 socii
1148 2285 1182 2333 et

129 2370 351 2435 auxiliatores
363 2367 456 2432 urbis
464 2388 623 2446 romanae,
634 2365 732 2429 verba
744 2365 805 2429 sibi
817 2364 886 2429 dari
895 2367 1052 2455 patienter
1062 2369 1182 2434 scilicet

130 2473 271 2536 «ferenti
288 2471 390 2534 immo
402 2490 480 2533 vero
492 2467 673 2549 jussuum,
689 2468 715 2530 si
728 2466 873 2532 modeste
886 2468 1011 2557 agendo
1026 2471 1182 2558 nequire·

129 2573 215 2636 «rint
231 2572 399 2652 obtinere,
419 2568 533 2633 iisdem
549 2568 610 2632 illis
633 2567 745 2648 armis,
762 2568 880 2655 quibus
898 2590 1061 2651 meruere,
1076 2570 1181 2635 vindi·

128 2674 281 2737 ·cabnnt.
298 2671 456 2736 Omnium
473 2671 576 2750 enim,
596 2669 714 2757 quibus
732 2691 836 2756 nuper
852 2668 976 2733 decreta
994 2687 1042 2734 est
1054 2672 1180 2754 civitas,

131 2773 260 2838 uadem
277 2796 367 2838 nunc
379 2795 475 2837 causa
488 2787 553 2853 est,
568 2771 693 2836 etiamsi
706 2771 839 2835 fortasse
853 2770 971 2858 dispari
979 2773 1031 2836 ria
1044 2773 1127 2838 hanc
1140 2774 1180 2839 ad

132 2898 277 2939 «musam
289 2873 512 2962 pervenerint:
523 2873 592 2938 aliis
602 2873 708 2953 enim,
720 2873 794 2959 quia
803 2895 863 2960 pro
874 2872 967 2936 nobis
978 2891 1181 2963 pugnarunt,

130 2977 233 3056 «aliis,
249 2977 327 3064 quin
347 2991 459 3040 contra
478 2997 539 3039 nos
559 2990 745 3063 pugnarunt
762 2974 868 3038 minus
890 2975 1040 3039 atrociter
1055 2993 1087 3041 et
1104 2977 1180 3060 diu,

130 3075 532 3164 «civitatemdariplacuit3
543 3076 755 3141 obventurum
765 3074 897 3155 neutris,
907 3074 968 3138 nisi
977 3075 1067 3140 alteri
1074 3100 1182 3142 amare

130 3181 302 3244 ..virtutem
320 3201 412 3243 stram
425 3178 582 3266 populum
596 3197 786 3257 romanum,
799 3176 888 3240 alteri
906 3177 1036 3257 timere,
1053 3179 1182 3266 utrique

130 3280 308 3344 --stimare
325 3278 520 3343 donationem.
706 3349 709 3355 ¹

174 3383 247 3446 XII.
262 3411 276 3436 ι
285 3383 392 3467 Atque
403 3380 526 3443 utinam
537 3377 650 3442 iisdem
659 3377 788 3458 animis,
801 3377 919 3464 quibus
930 3378 1181 3465 promittendam

132 3480 212 3545 -stbi
231 3481 392 3544 civitatem
414 3496 544 3543 senatus
570 3479 713 3558 censuit,
734 3494 881 3566 prestare
906 3479 1078 3543 voluisset!
1103 3480 1182 3543 nihil

131 3605 239 3647 -uunc
254 3581 306 3645 bis
323 3596 406 3645 esset
418 3580 683 3645 contentionibus
700 3601 804 3667 opus:
818 3594 851 3642 et
866 3579 900 3642 in
915 3579 978 3643 alta
991 3601 1069 3666 psce
1080 3602 1118 3643 ac
1129 3579 1184 3645 flo-

131 3698 241 3747 «rente
255 3681 438 3770 republica,
453 3696 573 3746 veteres
587 3681 685 3745 simul
699 3681 840 3768 novique
851 3679 934 3743 cives
951 3694 1070 3742 mutum
1083 3681 1183 3746 bene·

133 3777 299 3846 «volentiae
322 3780 568 3870 concordiaque
592 3782 716 3846 fructus
740 3781 918 3845 letissimos
938 3799 1097 3868 caperent.
1120 3784 1183 3848 Sed

134 3885 218 3948 mire
239 3884 377 3949 deorum
400 3883 469 3947 hoc
491 3884 624 3965 issent,
647 3883 771 3947 nullam
792 3882 979 3946 diuturnam
1002 3882 1183 3950 felicitatem

132 4015 146 4038 ·
155 3985 301 4050 humanis
311 3984 411 4048 rebus
421 3984 692 4072 relinquentium
708 3983 773 4047 sire
787 3982 956 4047 hominnm
967 3976 1057 4046 tanta
1068 3984 1185 4073 impon

135 4086 289 4165 ·tnnitas,
302 4103 339 4149 ut
351 4108 537 4150 concessam
545 4109 564 4150 a
572 4085 633 4150 diis
643 4086 785 4174 quietem
796 4085 897 4171 possit
904 4101 1046 4149 evertere
1056 4109 1064 4148 :
1074 4088 1184 4151 omnia

134 4187 291 4251 «nuncin
308 4187 510 4251 oonmsrium
528 4209 618 4251 versa
637 4201 735 4267 sunt,
758 4201 790 4250 et
809 4186 929 4250 ultimae
947 4187 1185 4274 propemodum

134 4286 385 4377 «desperationis
398 4286 537 4368 indicio,
553 4287 622 4375 ipsa
635 4287 668 4351 in
686 4285 837 4361 morbum
852 4284 995 4350 remedia
1008 4303 1184 4352 sertorum.

175 4389 264 4455 XIII.
285 4386 400 4452 aProlr
422 4385 521 4452 deum
540 4387 780 4473 bominumque
803 4384 916 4450 fidem!
938 4385 1012 4450 ideo
1033 4387 1185 4453 nimirum

136 4486 259 4554 datam
270 4488 370 4554 sociis
382 4487 544 4552 civitatem
557 4508 644 4568 esse,
659 4503 698 4552 ut
710 4508 787 4550 cum
806 4485 919 4550 iisdem
937 4486 1086 4577 deinceps
1103 4489 1187 4554 cirili
