<?xml version="1.0" encoding="UTF-8"?>
<!DOCTYPE html PUBLIC "-//W3C//DTD XHTML 1.0 Transitional//EN"
    "http://www.w3.org/TR/xhtml1/DTD/xhtml1-transitional.dtd">
<html xmlns="http://www.w3.org/1999/xhtml" xml:lang="en" lang="en">
 <head>
  <title>
</title>
<meta http-equiv="Content-Type" content="text/html;charset=utf-8" />
  <meta name='ocr-system' content='tesseract 3.04.00' />
  <meta name='ocr-capabilities' content='ocr_page ocr_carea ocr_par ocr_line ocrx_word'/>
</head>
<body>
  <div class='ocr_page' id='page_1' title='image "./titusliviuspata01freigoog_0139.png"; bbox 0 0 2670 5018; ppageno 0'>
   <div class='ocr_carea' id='block_1_1' title="bbox 163 775 1044 854">
    <p class='ocr_par' dir='ltr' id='par_1_1' title="bbox 163 775 1044 854">
     <span class='ocr_line' id='line_1_1' title="bbox 163 775 1044 854; baseline -0.009 -2"><span class='ocrx_word' id='word_1_1' title='bbox 163 783 229 854; x_wconf 83' lang='lat'><strong>130</strong></span> <span class='ocrx_word' id='word_1_2' title='bbox 330 786 397 850; x_wconf 86' lang='lat' dir='ltr'><strong>JO.</strong></span> <span class='ocrx_word' id='word_1_3' title='bbox 425 780 768 850; x_wconf 87' lang='lat' dir='ltr'><strong>FREINSHEMII</strong></span> <span class='ocrx_word' id='word_1_4' title='bbox 796 775 1044 847; x_wconf 87' lang='lat' dir='ltr'><strong>SUPPLEM.</strong></span> 
     </span>
    </p>
   </div>
   <div class='ocr_carea' id='block_1_2' title="bbox 139 892 1225 4329">
    <p class='ocr_par' dir='ltr' id='par_1_2' title="bbox 151 892 1225 1798">
     <span class='ocr_line' id='line_1_2' title="bbox 155 892 1224 990; baseline -0.005 -22"><span class='ocrx_word' id='word_1_5' title='bbox 155 903 332 968; x_wconf 75' lang='lat' dir='ltr'><strong>«euntibus</strong></span> <span class='ocrx_word' id='word_1_6' title='bbox 353 924 422 965; x_wconf 88' lang='lat' dir='ltr'><strong>esse</strong></span> <span class='ocrx_word' id='word_1_7' title='bbox 444 916 643 990; x_wconf 71' lang='lat' dir='ltr'><strong>potuerunt,</strong></span> <span class='ocrx_word' id='word_1_8' title='bbox 665 915 793 963; x_wconf 84' lang='lat' dir='ltr'><strong>tantum</strong></span> <span class='ocrx_word' id='word_1_9' title='bbox 811 914 844 962; x_wconf 88' lang='lat' dir='ltr'><strong>te</strong></span> <span class='ocrx_word' id='word_1_10' title='bbox 860 899 974 987; x_wconf 91' lang='lat' dir='ltr'><strong>populi</strong></span> <span class='ocrx_word' id='word_1_11' title='bbox 989 892 1117 962; x_wconf 88' lang='lat' dir='ltr'><strong>romani</strong></span> <span class='ocrx_word' id='word_1_12' title='bbox 1131 912 1224 964; x_wconf 83' lang='lat' dir='ltr'><strong>tetre·</strong></span> 
     </span>
     <span class='ocr_line' id='line_1_3' title="bbox 155 998 1225 1085; baseline -0.005 -15"><span class='ocrx_word' id='word_1_13' title='bbox 155 1005 371 1085; x_wconf 73' lang='lat' dir='ltr'><strong>«herodium,</strong></span> <span class='ocrx_word' id='word_1_14' title='bbox 384 1019 435 1082; x_wconf 91' lang='lat' dir='ltr'><strong>ut,</strong></span> <span class='ocrx_word' id='word_1_15' title='bbox 449 1002 530 1067; x_wconf 89' lang='lat' dir='ltr'><strong>dum</strong></span> <span class='ocrx_word' id='word_1_16' title='bbox 544 1000 640 1066; x_wconf 83' lang='lat' dir='ltr'><strong>nobis</strong></span> <span class='ocrx_word' id='word_1_17' title='bbox 654 1022 805 1081; x_wconf 88' lang='lat' dir='ltr'><strong>noceres,</strong></span> <span class='ocrx_word' id='word_1_18' title='bbox 817 1021 877 1064; x_wconf 91' lang='lat' dir='ltr'><strong>nec</strong></span> <span class='ocrx_word' id='word_1_19' title='bbox 888 998 1038 1082; x_wconf 88' lang='lat' dir='ltr'><strong>humani,</strong></span> <span class='ocrx_word' id='word_1_20' title='bbox 1052 1022 1114 1064; x_wconf 83' lang='lat' dir='ltr'><strong>nee</strong></span> <span class='ocrx_word' id='word_1_21' title='bbox 1122 999 1225 1065; x_wconf 91' lang='lat' dir='ltr'><strong>divini</strong></span> 
     </span>
     <span class='ocr_line' id='line_1_4' title="bbox 154 1100 1225 1188; baseline -0.003 -17"><span class='ocrx_word' id='word_1_22' title='bbox 154 1109 254 1187; x_wconf 75' lang='lat' dir='ltr'><strong>«juris</strong></span> <span class='ocrx_word' id='word_1_23' title='bbox 277 1107 373 1169; x_wconf 87' lang='lat' dir='ltr'><strong>ullius</strong></span> <span class='ocrx_word' id='word_1_24' title='bbox 399 1104 612 1169; x_wconf 81' lang='lat' dir='ltr'><strong>meminisses.</strong></span> <span class='ocrx_word' id='word_1_25' title='bbox 636 1103 679 1166; x_wconf 87' lang='lat' dir='ltr'><strong>Et</strong></span> <span class='ocrx_word' id='word_1_26' title='bbox 699 1102 819 1166; x_wconf 90' lang='lat' dir='ltr'><strong>horum</strong></span> <span class='ocrx_word' id='word_1_27' title='bbox 844 1100 977 1188; x_wconf 89' lang='lat' dir='ltr'><strong>quidem</strong></span> <span class='ocrx_word' id='word_1_28' title='bbox 999 1101 1102 1166; x_wconf 87' lang='lat' dir='ltr'><strong>etiam</strong></span> <span class='ocrx_word' id='word_1_29' title='bbox 1128 1101 1225 1168; x_wconf 88' lang='lat' dir='ltr'><strong>bonis</strong></span> 
     </span>
     <span class='ocr_line' id='line_1_5' title="bbox 154 1201 1225 1296; baseline -0.003 -25"><span class='ocrx_word' id='word_1_30' title='bbox 154 1241 167 1264; x_wconf 74' lang='grc' dir='ltr'>ι</span> <span class='ocrx_word' id='word_1_31' title='bbox 177 1209 293 1296; x_wconf 80' lang='lat' dir='ltr'>raptis,</span> <span class='ocrx_word' id='word_1_32' title='bbox 310 1223 423 1271; x_wconf 88' lang='lat' dir='ltr'><strong>contra</strong></span> <span class='ocrx_word' id='word_1_33' title='bbox 438 1205 583 1270; x_wconf 88' lang='lat' dir='ltr'><strong>edictum</strong></span> <span class='ocrx_word' id='word_1_34' title='bbox 600 1219 769 1284; x_wconf 87' lang='lat' dir='ltr'><strong>nostrum,</strong></span> <span class='ocrx_word' id='word_1_35' title='bbox 784 1201 874 1291; x_wconf 89' lang='lat' dir='ltr'><strong>quod</strong></span> <span class='ocrx_word' id='word_1_36' title='bbox 887 1202 1035 1267; x_wconf 90' lang='lat' dir='ltr'><strong>asiaticos</strong></span> <span class='ocrx_word' id='word_1_37' title='bbox 1050 1224 1142 1292; x_wconf 86' lang='lat' dir='ltr'><strong>reges</strong></span> <span class='ocrx_word' id='word_1_38' title='bbox 1155 1203 1225 1269; x_wconf 83' lang='lat' dir='ltr'><strong>Eu·</strong></span> 
     </span>
     <span class='ocr_line' id='line_1_6' title="bbox 151 1302 1224 1397; baseline -0.003 -25"><span class='ocrx_word' id='word_1_39' title='bbox 151 1332 253 1397; x_wconf 74' lang='lat' dir='ltr'><strong>«ropa</strong></span> <span class='ocrx_word' id='word_1_40' title='bbox 272 1308 443 1397; x_wconf 85' lang='lat' dir='ltr'><strong>prohibet,</strong></span> <span class='ocrx_word' id='word_1_41' title='bbox 467 1305 634 1388; x_wconf 84' lang='lat' dir='ltr'><strong>trajecisti,</strong></span> <span class='ocrx_word' id='word_1_42' title='bbox 652 1302 877 1369; x_wconf 85' lang='lat' dir='ltr'><strong>Macedoniam</strong></span> <span class='ocrx_word' id='word_1_43' title='bbox 896 1303 1085 1386; x_wconf 88' lang='lat' dir='ltr'><strong>incursasti,</strong></span> <span class='ocrx_word' id='word_1_44' title='bbox 1102 1304 1224 1371; x_wconf 73' lang='lat' dir='ltr'><strong>Grecis</strong></span> 
     </span>
     <span class='ocr_line' id='line_1_7' title="bbox 152 1404 1222 1495; baseline -0.002 -22"><span class='ocrx_word' id='word_1_45' title='bbox 152 1411 333 1475; x_wconf 72' lang='lat' dir='ltr'><strong>«abstulisti</strong></span> <span class='ocrx_word' id='word_1_46' title='bbox 349 1409 531 1473; x_wconf 89' lang='lat' dir='ltr'><strong>libertatem</strong></span> <span class='ocrx_word' id='word_1_47' title='bbox 550 1429 557 1472; x_wconf 93' lang='lat'><strong>:</strong></span> <span class='ocrx_word' id='word_1_48' title='bbox 575 1429 683 1495; x_wconf 82' lang='lat' dir='ltr'><strong>neque</strong></span> <span class='ocrx_word' id='word_1_49' title='bbox 696 1422 771 1470; x_wconf 88' lang='lat' dir='ltr'><strong>ante</strong></span> <span class='ocrx_word' id='word_1_50' title='bbox 781 1404 829 1471; x_wconf 74' lang='lat' dir='ltr'><strong>&#39;ad</strong></span> <span class='ocrx_word' id='word_1_51' title='bbox 844 1420 987 1469; x_wconf 87' lang='lat' dir='ltr'><strong>mentem</strong></span> <span class='ocrx_word' id='word_1_52' title='bbox 1006 1408 1157 1471; x_wconf 87' lang='lat' dir='ltr'><strong>reversus</strong></span> <span class='ocrx_word' id='word_1_53' title='bbox 1170 1428 1222 1488; x_wconf 86' lang='lat' dir='ltr'><strong>es,</strong></span> 
     </span>
     <span class='ocr_line' id='line_1_8' title="bbox 153 1506 1223 1600; baseline -0.004 -25"><span class='ocrx_word' id='word_1_54' title='bbox 153 1535 273 1600; x_wconf 74' lang='lat' dir='ltr'><strong>«quam</strong></span> <span class='ocrx_word' id='word_1_55' title='bbox 294 1509 485 1574; x_wconf 88' lang='lat' dir='ltr'><strong>Macedonia</strong></span> <span class='ocrx_word' id='word_1_56' title='bbox 507 1507 694 1595; x_wconf 82' lang='lat' dir='ltr'><strong>Graeciaque</strong></span> <span class='ocrx_word' id='word_1_57' title='bbox 718 1506 871 1595; x_wconf 77' lang='lat' dir='ltr'><strong>receptis,</strong></span> <span class='ocrx_word' id='word_1_58' title='bbox 896 1521 1033 1569; x_wconf 85' lang='lat' dir='ltr'><strong>centum</strong></span> <span class='ocrx_word' id='word_1_59' title='bbox 1057 1506 1223 1596; x_wconf 79' lang='lat' dir='ltr'>sexaginta</span> 
     </span>
     <span class='ocr_line' id='line_1_9' title="bbox 151 1602 1223 1696; baseline -0.001 -22"><span class='ocrx_word' id='word_1_60' title='bbox 151 1644 164 1666; x_wconf 59' lang='lat' dir='ltr'><strong>a</strong></span> <span class='ocrx_word' id='word_1_61' title='bbox 175 1628 309 1674; x_wconf 92' lang='lat' dir='ltr'><strong>tuorum</strong></span> <span class='ocrx_word' id='word_1_62' title='bbox 325 1610 423 1673; x_wconf 92' lang='lat' dir='ltr'><strong>millia</strong></span> <span class='ocrx_word' id='word_1_63' title='bbox 433 1607 556 1690; x_wconf 90' lang='lat' dir='ltr'><strong>occidi,</strong></span> <span class='ocrx_word' id='word_1_64' title='bbox 570 1624 672 1672; x_wconf 92' lang='lat' dir='ltr'><strong>castra</strong></span> <span class='ocrx_word' id='word_1_65' title='bbox 686 1608 777 1671; x_wconf 89' lang='lat' dir='ltr'><strong>omni</strong></span> <span class='ocrx_word' id='word_1_66' title='bbox 788 1622 943 1696; x_wconf 88' lang='lat' dir='ltr'><strong>apparatu</strong></span> <span class='ocrx_word' id='word_1_67' title='bbox 955 1605 1031 1670; x_wconf 92' lang='lat' dir='ltr'><strong>belli</strong></span> <span class='ocrx_word' id='word_1_68' title='bbox 1042 1602 1223 1673; x_wconf 83' lang='lat' dir='ltr'><strong>instructis·</strong></span> 
     </span>
     <span class='ocr_line' id='line_1_10' title="bbox 151 1700 667 1798; baseline -0.002 -22"><span class='ocrx_word' id='word_1_69' title='bbox 151 1745 164 1768; x_wconf 66' lang='grc' dir='ltr'><strong>«ι</strong></span> <span class='ocrx_word' id='word_1_70' title='bbox 176 1714 256 1776; x_wconf 88' lang='lat' dir='ltr'><strong>sima</strong></span> <span class='ocrx_word' id='word_1_71' title='bbox 269 1712 369 1776; x_wconf 90' lang='lat' dir='ltr'><strong>semel</strong></span> <span class='ocrx_word' id='word_1_72' title='bbox 384 1700 571 1798; x_wconf 80' lang='lat' dir='ltr'><strong>iterumque</strong></span> <span class='ocrx_word' id='word_1_73' title='bbox 586 1709 667 1798; x_wconf 89' lang='lat' dir='ltr'><strong>cepi.</strong></span> 
     </span>
    </p>

    <p class='ocr_par' dir='ltr' id='par_1_3' title="bbox 147 1809 1222 2913">
     <span class='ocr_line' id='line_1_11' title="bbox 197 1809 1221 1899; baseline 0 -24"><span class='ocrx_word' id='word_1_74' title='bbox 197 1814 347 1877; x_wconf 85' lang='lat' dir='ltr'><strong>XXVIII.</strong></span> <span class='ocrx_word' id='word_1_75' title='bbox 373 1813 478 1894; x_wconf 72' lang='lat' dir='ltr'><strong>«Qum</strong></span> <span class='ocrx_word' id='word_1_76' title='bbox 501 1812 611 1874; x_wconf 90' lang='lat' dir='ltr'><strong>omnia</strong></span> <span class='ocrx_word' id='word_1_77' title='bbox 632 1832 736 1899; x_wconf 90' lang='lat' dir='ltr'><strong>quum</strong></span> <span class='ocrx_word' id='word_1_78' title='bbox 759 1811 870 1874; x_wconf 90' lang='lat' dir='ltr'><strong>animo</strong></span> <span class='ocrx_word' id='word_1_79' title='bbox 893 1819 967 1874; x_wconf 88' lang='lat' dir='ltr'><strong>meo</strong></span> <span class='ocrx_word' id='word_1_80' title='bbox 987 1809 1221 1894; x_wconf 82' lang='lat' dir='ltr'>obversantur,</span> 
     </span>
     <span class='ocr_line' id='line_1_12' title="bbox 150 1909 1222 2000; baseline -0.004 -21"><span class='ocrx_word' id='word_1_81' title='bbox 150 1947 163 1969; x_wconf 75' lang='lat'><strong>0«</strong></span> <span class='ocrx_word' id='word_1_82' title='bbox 173 1917 332 1979; x_wconf 87' lang='lat' dir='ltr'><strong>rationem</strong></span> <span class='ocrx_word' id='word_1_83' title='bbox 351 1914 477 1978; x_wconf 89' lang='lat' dir='ltr'><strong>consilii</strong></span> <span class='ocrx_word' id='word_1_84' title='bbox 492 1912 540 1977; x_wconf 90' lang='lat' dir='ltr'><strong>tui</strong></span> <span class='ocrx_word' id='word_1_85' title='bbox 553 1934 621 1976; x_wconf 90' lang='lat' dir='ltr'><strong>non</strong></span> <span class='ocrx_word' id='word_1_86' title='bbox 635 1911 792 2000; x_wconf 86' lang='lat' dir='ltr'><strong>expedio,</strong></span> <span class='ocrx_word' id='word_1_87' title='bbox 806 1909 897 2000; x_wconf 93' lang='lat' dir='ltr'><strong>quod</strong></span> <span class='ocrx_word' id='word_1_88' title='bbox 910 1933 1024 1974; x_wconf 84' lang='lat' dir='ltr'><strong>eorum</strong></span> <span class='ocrx_word' id='word_1_89' title='bbox 1039 1915 1129 1974; x_wconf 84' lang='lat' dir='ltr'><strong>nunc</strong></span> <span class='ocrx_word' id='word_1_90' title='bbox 1142 1933 1222 1999; x_wconf 89' lang='lat' dir='ltr'><strong>pur·</strong></span> 
     </span>
     <span class='ocr_line' id='line_1_13' title="bbox 151 2012 1220 2104; baseline -0.001 -26"><span class='ocrx_word' id='word_1_91' title='bbox 151 2050 163 2071; x_wconf 74' lang='grc' dir='ltr'><strong>«ι</strong></span> <span class='ocrx_word' id='word_1_92' title='bbox 173 2017 335 2104; x_wconf 84' lang='lat' dir='ltr'><strong>gationem</strong></span> <span class='ocrx_word' id='word_1_93' title='bbox 350 2014 519 2079; x_wconf 87' lang='lat' dir='ltr'><strong>instituisti</strong></span> <span class='ocrx_word' id='word_1_94' title='bbox 531 2063 540 2095; x_wconf 92' lang='lat'><strong>,</strong></span> <span class='ocrx_word' id='word_1_95' title='bbox 551 2036 694 2102; x_wconf 89' lang='lat' dir='ltr'><strong>quorum</strong></span> <span class='ocrx_word' id='word_1_96' title='bbox 711 2030 805 2078; x_wconf 85' lang='lat' dir='ltr'><strong>antea</strong></span> <span class='ocrx_word' id='word_1_97' title='bbox 816 2035 875 2101; x_wconf 91' lang='lat' dir='ltr'><strong>per</strong></span> <span class='ocrx_word' id='word_1_98' title='bbox 887 2012 1081 2077; x_wconf 77' lang='lat' dir='ltr'>Archelaum</span> <span class='ocrx_word' id='word_1_99' title='bbox 1093 2013 1220 2077; x_wconf 87' lang='lat' dir='ltr'><strong>veniam</strong></span> 
     </span>
     <span class='ocr_line' id='line_1_14' title="bbox 148 2114 1219 2206; baseline 0.002 -27"><span class='ocrx_word' id='word_1_100' title='bbox 148 2119 339 2204; x_wconf 72' lang='lat' dir='ltr'><strong>«petiveras.</strong></span> <span class='ocrx_word' id='word_1_101' title='bbox 359 2119 410 2181; x_wconf 94' lang='lat' dir='ltr'><strong>An</strong></span> <span class='ocrx_word' id='word_1_102' title='bbox 426 2116 544 2206; x_wconf 83' lang='lat' dir='ltr'><strong>igitur,</strong></span> <span class='ocrx_word' id='word_1_103' title='bbox 559 2137 658 2203; x_wconf 89' lang='lat' dir='ltr'><strong>quem</strong></span> <span class='ocrx_word' id='word_1_104' title='bbox 675 2115 788 2203; x_wconf 90' lang='lat' dir='ltr'><strong>procul</strong></span> <span class='ocrx_word' id='word_1_105' title='bbox 809 2130 958 2203; x_wconf 83' lang='lat' dir='ltr'><strong>agentem</strong></span> <span class='ocrx_word' id='word_1_106' title='bbox 976 2114 1129 2196; x_wconf 88' lang='lat' dir='ltr'><strong>timebas,</strong></span> <span class='ocrx_word' id='word_1_107' title='bbox 1144 2138 1219 2181; x_wconf 87' lang='lat' dir='ltr'><strong>eum</strong></span> 
     </span>
     <span class='ocr_line' id='line_1_15' title="bbox 149 2214 1219 2297; baseline 0.002 -17"><span class='ocrx_word' id='word_1_108' title='bbox 149 2251 162 2274; x_wconf 74' lang='grc' dir='ltr'><strong>«ι</strong></span> <span class='ocrx_word' id='word_1_109' title='bbox 173 2219 239 2281; x_wconf 91' lang='lat' dir='ltr'><strong>buc</strong></span> <span class='ocrx_word' id='word_1_110' title='bbox 252 2218 379 2282; x_wconf 89' lang='lat' dir='ltr'><strong>venisse</strong></span> <span class='ocrx_word' id='word_1_111' title='bbox 393 2217 491 2294; x_wconf 87' lang='lat' dir='ltr'><strong>reris,</strong></span> <span class='ocrx_word' id='word_1_112' title='bbox 510 2233 548 2281; x_wconf 91' lang='lat' dir='ltr'><strong>ut</strong></span> <span class='ocrx_word' id='word_1_113' title='bbox 566 2232 675 2281; x_wconf 91' lang='lat' dir='ltr'><strong>tecum</strong></span> <span class='ocrx_word' id='word_1_114' title='bbox 688 2215 811 2297; x_wconf 85' lang='lat' dir='ltr'><strong>judicio</strong></span> <span class='ocrx_word' id='word_1_115' title='bbox 830 2214 1068 2280; x_wconf 81' lang='lat' dir='ltr'><strong>contenderet?</strong></span> <span class='ocrx_word' id='word_1_116' title='bbox 1080 2216 1139 2281; x_wconf 90' lang='lat' dir='ltr'><strong>sed</strong></span> <span class='ocrx_word' id='word_1_117' title='bbox 1152 2217 1219 2297; x_wconf 88' lang='lat' dir='ltr'><strong>ejus</strong></span> 
     </span>
     <span class='ocr_line' id='line_1_16' title="bbox 149 2318 1218 2408; baseline 0 -25"><span class='ocrx_word' id='word_1_118' title='bbox 149 2321 219 2383; x_wconf 83' lang='lat' dir='ltr'><strong>«rei</strong></span> <span class='ocrx_word' id='word_1_119' title='bbox 234 2321 366 2408; x_wconf 89' lang='lat' dir='ltr'><strong>quidem</strong></span> <span class='ocrx_word' id='word_1_120' title='bbox 383 2336 512 2407; x_wconf 89' lang='lat' dir='ltr'><strong>tempus</strong></span> <span class='ocrx_word' id='word_1_121' title='bbox 534 2319 613 2383; x_wconf 92' lang='lat' dir='ltr'><strong>olim</strong></span> <span class='ocrx_word' id='word_1_122' title='bbox 630 2318 798 2406; x_wconf 82' lang='lat' dir='ltr'><strong>praeteriit,</strong></span> <span class='ocrx_word' id='word_1_123' title='bbox 815 2341 853 2381; x_wconf 85' lang='lat' dir='ltr'><strong>ex</strong></span> <span class='ocrx_word' id='word_1_124' title='bbox 867 2340 935 2405; x_wconf 93' lang='lat' dir='ltr'><strong>quo</strong></span> <span class='ocrx_word' id='word_1_125' title='bbox 951 2318 1011 2381; x_wconf 90' lang='lat' dir='ltr'><strong>tibi</strong></span> <span class='ocrx_word' id='word_1_126' title='bbox 1025 2318 1149 2383; x_wconf 87' lang='lat' dir='ltr'><strong>bellurn</strong></span> <span class='ocrx_word' id='word_1_127' title='bbox 1168 2320 1218 2383; x_wconf 91' lang='lat' dir='ltr'><strong>in·</strong></span> 
     </span>
     <span class='ocr_line' id='line_1_17' title="bbox 148 2417 1218 2507; baseline 0.003 -25"><span class='ocrx_word' id='word_1_128' title='bbox 148 2421 286 2484; x_wconf 81' lang='lat' dir='ltr'><strong>«ferenti</strong></span> <span class='ocrx_word' id='word_1_129' title='bbox 301 2420 497 2500; x_wconf 85' lang='lat' dir='ltr'><strong>restitimus,</strong></span> <span class='ocrx_word' id='word_1_130' title='bbox 512 2435 563 2501; x_wconf 89' lang='lat' dir='ltr'><strong>et,</strong></span> <span class='ocrx_word' id='word_1_131' title='bbox 578 2417 684 2482; x_wconf 88' lang='lat' dir='ltr'><strong>donec</strong></span> <span class='ocrx_word' id='word_1_132' title='bbox 698 2441 780 2507; x_wconf 89' lang='lat' dir='ltr'><strong>opus</strong></span> <span class='ocrx_word' id='word_1_133' title='bbox 795 2419 856 2483; x_wconf 89' lang='lat' dir='ltr'><strong>erit</strong></span> <span class='ocrx_word' id='word_1_134' title='bbox 865 2468 875 2501; x_wconf 91' lang='lat'><strong>,</strong></span> <span class='ocrx_word' id='word_1_135' title='bbox 884 2419 1079 2485; x_wconf 88' lang='lat' dir='ltr'><strong>resistemus.</strong></span> <span class='ocrx_word' id='word_1_136' title='bbox 1092 2419 1218 2485; x_wconf 85' lang='lat' dir='ltr'><strong>Idcirco</strong></span> 
     </span>
     <span class='ocr_line' id='line_1_18' title="bbox 147 2519 1219 2610; baseline 0.003 -27"><span class='ocrx_word' id='word_1_137' title='bbox 147 2554 160 2576; x_wconf 73' lang='grc' dir='ltr'><strong>«ι</strong></span> <span class='ocrx_word' id='word_1_138' title='bbox 173 2523 221 2583; x_wconf 88' lang='lat' dir='ltr'><strong>lris</strong></span> <span class='ocrx_word' id='word_1_139' title='bbox 241 2521 384 2600; x_wconf 86' lang='lat' dir='ltr'><strong>omissis,</strong></span> <span class='ocrx_word' id='word_1_140' title='bbox 402 2519 492 2607; x_wconf 90' lang='lat' dir='ltr'><strong>quod</strong></span> <span class='ocrx_word' id='word_1_141' title='bbox 508 2542 613 2582; x_wconf 91' lang='lat' dir='ltr'><strong>unum</strong></span> <span class='ocrx_word' id='word_1_142' title='bbox 632 2521 713 2583; x_wconf 90' lang='lat' dir='ltr'><strong>scire</strong></span> <span class='ocrx_word' id='word_1_143' title='bbox 734 2521 887 2602; x_wconf 88' lang='lat' dir='ltr'><strong>interest,</strong></span> <span class='ocrx_word' id='word_1_144' title='bbox 911 2519 1092 2609; x_wconf 85' lang='lat' dir='ltr'><strong>responde,</strong></span> <span class='ocrx_word' id='word_1_145' title='bbox 1105 2544 1219 2610; x_wconf 83' lang='lat' dir='ltr'><strong>pacem</strong></span> 
     </span>
     <span class='ocr_line' id='line_1_19' title="bbox 147 2621 1218 2709; baseline 0.004 -25"><span class='ocrx_word' id='word_1_146' title='bbox 147 2646 244 2685; x_wconf 81' lang='lat' dir='ltr'><strong>«curn</strong></span> <span class='ocrx_word' id='word_1_147' title='bbox 264 2623 421 2684; x_wconf 82' lang='lat' dir='ltr'><strong>Archelao</strong></span> <span class='ocrx_word' id='word_1_148' title='bbox 449 2623 565 2684; x_wconf 85' lang='lat' dir='ltr'><strong>factam</strong></span> <span class='ocrx_word' id='word_1_149' title='bbox 592 2621 729 2709; x_wconf 86' lang='lat' dir='ltr'><strong>accipis,</strong></span> <span class='ocrx_word' id='word_1_150' title='bbox 753 2645 793 2684; x_wconf 88' lang='lat' dir='ltr'><strong>an</strong></span> <span class='ocrx_word' id='word_1_151' title='bbox 819 2622 995 2686; x_wconf 69' lang='lat' dir='ltr'><strong>recusasl&#39;v</strong></span> <span class='ocrx_word' id='word_1_152' title='bbox 1014 2623 1218 2688; x_wconf 85' lang='lat' dir='ltr'><strong>Mithridates</strong></span> 
     </span>
     <span class='ocr_line' id='line_1_20' title="bbox 148 2722 1218 2813; baseline 0.006 -29"><span class='ocrx_word' id='word_1_153' title='bbox 148 2723 300 2786; x_wconf 89' lang='lat' dir='ltr'><strong>iracunda</strong></span> <span class='ocrx_word' id='word_1_154' title='bbox 315 2723 410 2786; x_wconf 83' lang='lat' dir='ltr'><strong>Sullae</strong></span> <span class='ocrx_word' id='word_1_155' title='bbox 423 2723 571 2786; x_wconf 84' lang='lat' dir='ltr'><strong>oratione</strong></span> <span class='ocrx_word' id='word_1_156' title='bbox 581 2722 729 2805; x_wconf 87' lang='lat' dir='ltr'><strong>territus,</strong></span> <span class='ocrx_word' id='word_1_157' title='bbox 744 2726 883 2813; x_wconf 66' lang='lat' dir='ltr'><strong>carpsere</strong></span> <span class='ocrx_word' id='word_1_158' title='bbox 892 2747 924 2786; x_wconf 85' lang='lat' dir='ltr'><strong>se</strong></span> <span class='ocrx_word' id='word_1_159' title='bbox 936 2723 1114 2812; x_wconf 87' lang='lat' dir='ltr'><strong>respondit.</strong></span> <span class='ocrx_word' id='word_1_160' title='bbox 1129 2726 1218 2791; x_wconf 82' lang='lat' dir='ltr'><strong>Tum</strong></span> 
     </span>
     <span class='ocr_line' id='line_1_21' title="bbox 147 2821 1195 2913; baseline 0.01 -30"><span class='ocrx_word' id='word_1_161' title='bbox 147 2821 279 2885; x_wconf 87' lang='lat' dir='ltr'><strong>demum</strong></span> <span class='ocrx_word' id='word_1_162' title='bbox 296 2824 445 2886; x_wconf 89' lang='lat' dir='ltr'><strong>salutavit</strong></span> <span class='ocrx_word' id='word_1_163' title='bbox 459 2846 536 2886; x_wconf 91' lang='lat' dir='ltr'><strong>eum</strong></span> <span class='ocrx_word' id='word_1_164' title='bbox 550 2824 654 2906; x_wconf 87' lang='lat' dir='ltr'><strong>Sulla,</strong></span> <span class='ocrx_word' id='word_1_165' title='bbox 670 2826 902 2913; x_wconf 82' lang='lat' dir='ltr'><strong>amplexusque</strong></span> <span class='ocrx_word' id='word_1_166' title='bbox 913 2841 946 2889; x_wconf 87' lang='lat' dir='ltr'><strong>et</strong></span> <span class='ocrx_word' id='word_1_167' title='bbox 959 2827 1121 2892; x_wconf 89' lang='lat' dir='ltr'><strong>osculatus</strong></span> <span class='ocrx_word' id='word_1_168' title='bbox 1137 2845 1195 2894; x_wconf 80' lang='lat' dir='ltr'><strong>est.</strong></span> 
     </span>
    </p>

    <p class='ocr_par' dir='ltr' id='par_1_4' title="bbox 139 2921 1217 4329">
     <span class='ocr_line' id='line_1_22' title="bbox 190 2921 1217 2995; baseline 0.014 -13"><span class='ocrx_word' id='word_1_169' title='bbox 190 2921 313 2985; x_wconf 83' lang='lat' dir='ltr'><strong>XXIX.</strong></span> <span class='ocrx_word' id='word_1_170' title='bbox 338 2922 588 2987; x_wconf 66' lang='lat' dir='ltr'><strong>Ariobarzanem</strong></span> <span class='ocrx_word' id='word_1_171' title='bbox 604 2924 724 2989; x_wconf 87' lang='lat' dir='ltr'><strong>deinde</strong></span> <span class='ocrx_word' id='word_1_172' title='bbox 740 2942 772 2990; x_wconf 90' lang='lat' dir='ltr'><strong>et</strong></span> <span class='ocrx_word' id='word_1_173' title='bbox 788 2925 1000 2991; x_wconf 87' lang='lat' dir='ltr'><strong>Nicomedem</strong></span> <span class='ocrx_word' id='word_1_174' title='bbox 1016 2929 1138 2994; x_wconf 86' lang='lat' dir='ltr'><strong>accitos</strong></span> <span class='ocrx_word' id='word_1_175' title='bbox 1155 2931 1217 2995; x_wconf 87' lang='lat' dir='ltr'><strong>Mi·</strong></span> 
     </span>
     <span class='ocr_line' id='line_1_23' title="bbox 146 3023 1216 3117; baseline 0.012 -32"><span class='ocrx_word' id='word_1_176' title='bbox 146 3023 278 3086; x_wconf 87' lang='lat' dir='ltr'><strong>thridati</strong></span> <span class='ocrx_word' id='word_1_177' title='bbox 302 3024 503 3107; x_wconf 89' lang='lat' dir='ltr'><strong>conciliavit,</strong></span> <span class='ocrx_word' id='word_1_178' title='bbox 523 3025 731 3114; x_wconf 87' lang='lat' dir='ltr'><strong>reditumque</strong></span> <span class='ocrx_word' id='word_1_179' title='bbox 748 3026 787 3091; x_wconf 88' lang='lat' dir='ltr'><strong>iis</strong></span> <span class='ocrx_word' id='word_1_180' title='bbox 810 3027 844 3090; x_wconf 90' lang='lat' dir='ltr'><strong>in</strong></span> <span class='ocrx_word' id='word_1_181' title='bbox 866 3051 925 3091; x_wconf 90' lang='lat' dir='ltr'><strong>sua</strong></span> <span class='ocrx_word' id='word_1_182' title='bbox 945 3051 1045 3117; x_wconf 84' lang='lat' dir='ltr'><strong>regna</strong></span> <span class='ocrx_word' id='word_1_183' title='bbox 1064 3032 1216 3099; x_wconf 86' lang='lat' dir='ltr'><strong>confecit.</strong></span> 
     </span>
     <span class='ocr_line' id='line_1_24' title="bbox 144 3127 1217 3209; baseline 0.01 -22"><span class='ocrx_word' id='word_1_184' title='bbox 144 3127 251 3188; x_wconf 84' lang='lat' dir='ltr'><strong>Asiam</strong></span> <span class='ocrx_word' id='word_1_185' title='bbox 266 3129 490 3190; x_wconf 86' lang='lat' dir='ltr'><strong>Romanorum</strong></span> <span class='ocrx_word' id='word_1_186' title='bbox 502 3151 590 3209; x_wconf 90' lang='lat' dir='ltr'><strong>esse,</strong></span> <span class='ocrx_word' id='word_1_187' title='bbox 605 3129 649 3192; x_wconf 87' lang='lat' dir='ltr'><strong>ita</strong></span> <span class='ocrx_word' id='word_1_188' title='bbox 665 3150 707 3191; x_wconf 90' lang='lat' dir='ltr'><strong>ne</strong></span> <span class='ocrx_word' id='word_1_189' title='bbox 723 3129 777 3192; x_wconf 92' lang='lat' dir='ltr'><strong>cui</strong></span> <span class='ocrx_word' id='word_1_190' title='bbox 792 3128 912 3192; x_wconf 88' lang='lat' dir='ltr'><strong>civitati</strong></span> <span class='ocrx_word' id='word_1_191' title='bbox 926 3127 1097 3193; x_wconf 90' lang='lat' dir='ltr'><strong>descivisse</strong></span> <span class='ocrx_word' id='word_1_192' title='bbox 1110 3131 1152 3196; x_wconf 92' lang='lat' dir='ltr'><strong>ad</strong></span> <span class='ocrx_word' id='word_1_193' title='bbox 1164 3154 1217 3197; x_wconf 87' lang='lat' dir='ltr'><strong>re·</strong></span> 
     </span>
     <span class='ocr_line' id='line_1_25' title="bbox 145 3225 1216 3319; baseline 0.012 -32"><span class='ocrx_word' id='word_1_194' title='bbox 145 3249 217 3313; x_wconf 82' lang='lat' dir='ltr'><strong>gem</strong></span> <span class='ocrx_word' id='word_1_195' title='bbox 244 3225 349 3289; x_wconf 87' lang='lat' dir='ltr'><strong>fraudi</strong></span> <span class='ocrx_word' id='word_1_196' title='bbox 371 3244 474 3307; x_wconf 89' lang='lat' dir='ltr'><strong>essct,</strong></span> <span class='ocrx_word' id='word_1_197' title='bbox 499 3245 718 3293; x_wconf 82' lang='lat' dir='ltr'><strong>convenerat:</strong></span> <span class='ocrx_word' id='word_1_198' title='bbox 737 3229 771 3292; x_wconf 94' lang='lat' dir='ltr'><strong>id</strong></span> <span class='ocrx_word' id='word_1_199' title='bbox 792 3251 858 3291; x_wconf 93' lang='lat' dir='ltr'><strong>non</strong></span> <span class='ocrx_word' id='word_1_200' title='bbox 887 3229 1011 3319; x_wconf 83' lang='lat' dir='ltr'><strong>integre</strong></span> <span class='ocrx_word' id='word_1_201' title='bbox 1030 3250 1216 3317; x_wconf 90' lang='lat' dir='ltr'><strong>servatum,</strong></span> 
     </span>
     <span class='ocr_line' id='line_1_26' title="bbox 144 3328 1216 3415; baseline 0.012 -26"><span class='ocrx_word' id='word_1_202' title='bbox 144 3328 327 3414; x_wconf 87' lang='lat' dir='ltr'><strong>multasque</strong></span> <span class='ocrx_word' id='word_1_203' title='bbox 344 3346 455 3415; x_wconf 88' lang='lat' dir='ltr'><strong>postea</strong></span> <span class='ocrx_word' id='word_1_204' title='bbox 472 3330 569 3393; x_wconf 89' lang='lat' dir='ltr'><strong>urbes</strong></span> <span class='ocrx_word' id='word_1_205' title='bbox 585 3330 769 3394; x_wconf 88' lang='lat' dir='ltr'><strong>tributarias</strong></span> <span class='ocrx_word' id='word_1_206' title='bbox 784 3352 853 3393; x_wconf 89' lang='lat' dir='ltr'><strong>esse</strong></span> <span class='ocrx_word' id='word_1_207' title='bbox 866 3330 984 3410; x_wconf 85' lang='lat' dir='ltr'><strong>lactas,</strong></span> <span class='ocrx_word' id='word_1_208' title='bbox 1000 3332 1161 3399; x_wconf 88' lang='lat' dir='ltr'><strong>Memnon</strong></span> <span class='ocrx_word' id='word_1_209' title='bbox 1177 3359 1216 3403; x_wconf 84' lang='lat' dir='ltr'><strong>ex</strong></span> 
     </span>
     <span class='ocr_line' id='line_1_27' title="bbox 144 3430 1217 3521; baseline 0.008 -29"><span class='ocrx_word' id='word_1_210' title='bbox 144 3430 297 3492; x_wconf 86' lang='lat' dir='ltr'><strong>Heraclea</strong></span> <span class='ocrx_word' id='word_1_211' title='bbox 308 3430 440 3494; x_wconf 89' lang='lat' dir='ltr'><strong>Pontica</strong></span> <span class='ocrx_word' id='word_1_212' title='bbox 453 3431 591 3518; x_wconf 90' lang='lat' dir='ltr'><strong>scriptor</strong></span> <span class='ocrx_word' id='word_1_213' title='bbox 605 3431 716 3513; x_wconf 89' lang='lat' dir='ltr'><strong>tradit,</strong></span> <span class='ocrx_word' id='word_1_214' title='bbox 732 3431 764 3493; x_wconf 94' lang='lat' dir='ltr'><strong>in</strong></span> <span class='ocrx_word' id='word_1_215' title='bbox 776 3447 883 3519; x_wconf 91' lang='lat' dir='ltr'><strong>partes</strong></span> <span class='ocrx_word' id='word_1_216' title='bbox 897 3432 998 3521; x_wconf 82' lang='lat' dir='ltr'><strong>regias</strong></span> <span class='ocrx_word' id='word_1_217' title='bbox 1011 3431 1055 3496; x_wconf 88' lang='lat' dir='ltr'><strong>ob</strong></span> <span class='ocrx_word' id='word_1_218' title='bbox 1068 3457 1217 3501; x_wconf 89' lang='lat' dir='ltr'><strong>commu·</strong></span> 
     </span>
     <span class='ocr_line' id='line_1_28' title="bbox 144 3530 1215 3619; baseline 0.007 -26"><span class='ocrx_word' id='word_1_219' title='bbox 144 3554 218 3594; x_wconf 86' lang='lat' dir='ltr'><strong>ncnr</strong></span> <span class='ocrx_word' id='word_1_220' title='bbox 236 3532 370 3619; x_wconf 88' lang='lat' dir='ltr'><strong>patriam</strong></span> <span class='ocrx_word' id='word_1_221' title='bbox 383 3533 564 3619; x_wconf 85' lang='lat' dir='ltr'><strong>proclivior.</strong></span> <span class='ocrx_word' id='word_1_222' title='bbox 581 3531 673 3595; x_wconf 87' lang='lat' dir='ltr'><strong>Idem</strong></span> <span class='ocrx_word' id='word_1_223' title='bbox 688 3532 747 3595; x_wconf 89' lang='lat' dir='ltr'><strong>tria</strong></span> <span class='ocrx_word' id='word_1_224' title='bbox 763 3530 958 3595; x_wconf 85' lang='lat' dir='ltr'><strong>talentorum</strong></span> <span class='ocrx_word' id='word_1_225' title='bbox 977 3532 1075 3597; x_wconf 87' lang='lat' dir='ltr'><strong>millia</strong></span> <span class='ocrx_word' id='word_1_226' title='bbox 1092 3535 1215 3601; x_wconf 90' lang='lat' dir='ltr'><strong>Sullam</strong></span> 
     </span>
     <span class='ocr_line' id='line_1_29' title="bbox 142 3631 1214 3721; baseline 0.007 -26"><span class='ocrx_word' id='word_1_227' title='bbox 142 3633 362 3696; x_wconf 87' lang='lat' dir='ltr'><strong>alllithridate</strong></span> <span class='ocrx_word' id='word_1_228' title='bbox 382 3634 543 3721; x_wconf 87' lang='lat' dir='ltr'><strong>accepisse</strong></span> <span class='ocrx_word' id='word_1_229' title='bbox 565 3649 740 3715; x_wconf 88' lang='lat' dir='ltr'><strong>memorat,</strong></span> <span class='ocrx_word' id='word_1_230' title='bbox 761 3648 799 3696; x_wconf 91' lang='lat' dir='ltr'><strong>ut</strong></span> <span class='ocrx_word' id='word_1_231' title='bbox 824 3631 961 3696; x_wconf 90' lang='lat' dir='ltr'><strong>domurn</strong></span> <span class='ocrx_word' id='word_1_232' title='bbox 978 3651 1214 3702; x_wconf 87' lang='lat' dir='ltr'><strong>reverteretur:</strong></span> 
     </span>
     <span class='ocr_line' id='line_1_30' title="bbox 142 3734 1215 3824; baseline 0.007 -27"><span class='ocrx_word' id='word_1_233' title='bbox 142 3758 237 3797; x_wconf 84' lang='lat' dir='ltr'><strong>naves</strong></span> <span class='ocrx_word' id='word_1_234' title='bbox 259 3758 367 3823; x_wconf 81' lang='lat' dir='ltr'><strong>regern</strong></span> <span class='ocrx_word' id='word_1_235' title='bbox 389 3735 592 3823; x_wconf 83' lang='lat' dir='ltr'><strong>septuaginta</strong></span> <span class='ocrx_word' id='word_1_236' title='bbox 609 3758 684 3799; x_wconf 92' lang='lat' dir='ltr'><strong>cum</strong></span> <span class='ocrx_word' id='word_1_237' title='bbox 703 3734 890 3824; x_wconf 85' lang='lat' dir='ltr'><strong>quingentis</strong></span> <span class='ocrx_word' id='word_1_238' title='bbox 907 3735 1094 3824; x_wconf 83' lang='lat' dir='ltr'><strong>sagittariis,</strong></span> <span class='ocrx_word' id='word_1_239' title='bbox 1117 3739 1215 3804; x_wconf 89' lang='lat' dir='ltr'><strong>item·</strong></span> 
     </span>
     <span class='ocr_line' id='line_1_31' title="bbox 141 3834 1214 3924; baseline 0.007 -27"><span class='ocrx_word' id='word_1_240' title='bbox 141 3859 205 3922; x_wconf 88' lang='lat' dir='ltr'><strong>que</strong></span> <span class='ocrx_word' id='word_1_241' title='bbox 215 3838 356 3923; x_wconf 87' lang='lat' dir='ltr'><strong>captivos</strong></span> <span class='ocrx_word' id='word_1_242' title='bbox 366 3835 535 3900; x_wconf 90' lang='lat' dir='ltr'><strong>tradidisse</strong></span> <span class='ocrx_word' id='word_1_243' title='bbox 544 3834 557 3923; x_wconf 88' lang='lat'><strong>(</strong></span> <span class='ocrx_word' id='word_1_244' title='bbox 564 3837 598 3898; x_wconf 92' lang='lat' dir='ltr'><strong>in</strong></span> <span class='ocrx_word' id='word_1_245' title='bbox 609 3836 728 3922; x_wconf 88' lang='lat' dir='ltr'><strong>quibus</strong></span> <span class='ocrx_word' id='word_1_246' title='bbox 741 3852 773 3900; x_wconf 91' lang='lat' dir='ltr'><strong>et</strong></span> <span class='ocrx_word' id='word_1_247' title='bbox 783 3836 824 3917; x_wconf 90' lang='lat' dir='ltr'><strong>Q.</strong></span> <span class='ocrx_word' id='word_1_248' title='bbox 834 3836 959 3924; x_wconf 90' lang='lat' dir='ltr'><strong>Oppius</strong></span> <span class='ocrx_word' id='word_1_249' title='bbox 967 3883 976 3915; x_wconf 95' lang='lat'><strong>,</strong></span> <span class='ocrx_word' id='word_1_250' title='bbox 984 3839 1058 3900; x_wconf 88' lang='lat' dir='ltr'><strong>etL.</strong></span> <span class='ocrx_word' id='word_1_251' title='bbox 1066 3839 1214 3922; x_wconf 91' lang='lat' dir='ltr'><strong>Cassius,</strong></span> 
     </span>
     <span class='ocr_line' id='line_1_32' title="bbox 142 3935 1215 4028; baseline 0.006 -28"><span class='ocrx_word' id='word_1_252' title='bbox 142 3938 330 4023; x_wconf 87' lang='lat' dir='ltr'><strong>nescioquo</strong></span> <span class='ocrx_word' id='word_1_253' title='bbox 347 3960 441 4010; x_wconf 87' lang='lat' dir='ltr'><strong>casu,</strong></span> <span class='ocrx_word' id='word_1_254' title='bbox 456 3936 605 4000; x_wconf 88' lang='lat' dir='ltr'><strong>redactus</strong></span> <span class='ocrx_word' id='word_1_255' title='bbox 617 3938 651 3999; x_wconf 92' lang='lat' dir='ltr'><strong>in</strong></span> <span class='ocrx_word' id='word_1_256' title='bbox 664 3952 856 4025; x_wconf 89' lang='lat' dir='ltr'><strong>potestatem</strong></span> <span class='ocrx_word' id='word_1_257' title='bbox 872 3936 992 4016; x_wconf 89' lang='lat' dir='ltr'><strong>hostis,</strong></span> <span class='ocrx_word' id='word_1_258' title='bbox 1007 3935 1167 4028; x_wconf 83' lang='lat' dir='ltr'><strong>fuerunt)</strong></span> <span class='ocrx_word' id='word_1_259' title='bbox 1182 3957 1215 4006; x_wconf 88' lang='lat' dir='ltr'><strong>et</strong></span> 
     </span>
     <span class='ocr_line' id='line_1_33' title="bbox 140 4036 1212 4125; baseline 0.007 -25"><span class='ocrx_word' id='word_1_260' title='bbox 140 4040 165 4100; x_wconf 86' lang='lat' dir='ltr'><strong>si</strong></span> <span class='ocrx_word' id='word_1_261' title='bbox 191 4062 262 4124; x_wconf 86' lang='lat' dir='ltr'><strong>quae</strong></span> <span class='ocrx_word' id='word_1_262' title='bbox 287 4038 346 4100; x_wconf 88' lang='lat' dir='ltr'><strong>alia</strong></span> <span class='ocrx_word' id='word_1_263' title='bbox 369 4060 408 4099; x_wconf 86' lang='lat' dir='ltr'><strong>ex</strong></span> <span class='ocrx_word' id='word_1_264' title='bbox 431 4037 550 4100; x_wconf 86' lang='lat' dir='ltr'><strong>foedere</strong></span> <span class='ocrx_word' id='word_1_265' title='bbox 576 4036 797 4114; x_wconf 89' lang='lat' dir='ltr'><strong>debebantur,</strong></span> <span class='ocrx_word' id='word_1_266' title='bbox 821 4038 934 4101; x_wconf 85' lang='lat' dir='ltr'><strong>fecisse</strong></span> <span class='ocrx_word' id='word_1_267' title='bbox 963 4039 1039 4102; x_wconf 90' lang='lat' dir='ltr'><strong>satis</strong></span> <span class='ocrx_word' id='word_1_268' title='bbox 1064 4059 1212 4125; x_wconf 83' lang='lat' dir='ltr'><strong>constat3</strong></span> 
     </span>
     <span class='ocr_line' id='line_1_34' title="bbox 140 4135 1210 4225; baseline 0.007 -24"><span class='ocrx_word' id='word_1_269' title='bbox 140 4139 258 4203; x_wconf 83' lang='lat' dir='ltr'><strong>deinde</strong></span> <span class='ocrx_word' id='word_1_270' title='bbox 270 4140 303 4200; x_wconf 93' lang='lat' dir='ltr'><strong>in</strong></span> <span class='ocrx_word' id='word_1_271' title='bbox 315 4154 486 4225; x_wconf 89' lang='lat' dir='ltr'><strong>paternum</strong></span> <span class='ocrx_word' id='word_1_272' title='bbox 499 4159 657 4225; x_wconf 84' lang='lat' dir='ltr'><strong>regnum,</strong></span> <span class='ocrx_word' id='word_1_273' title='bbox 670 4138 763 4217; x_wconf 89' lang='lat' dir='ltr'><strong>cujus</strong></span> <span class='ocrx_word' id='word_1_274' title='bbox 777 4137 838 4224; x_wconf 90' lang='lat' dir='ltr'><strong>ipsi</strong></span> <span class='ocrx_word' id='word_1_275' title='bbox 854 4135 1083 4203; x_wconf 86' lang='lat' dir='ltr'><strong>confirmatum</strong></span> <span class='ocrx_word' id='word_1_276' title='bbox 1096 4141 1210 4207; x_wconf 88' lang='lat' dir='ltr'><strong>eadem</strong></span> 
     </span>
     <span class='ocr_line' id='line_1_35' title="bbox 139 4237 541 4329; baseline -0.007 -25"><span class='ocrx_word' id='word_1_277' title='bbox 139 4265 218 4329; x_wconf 87' lang='lat' dir='ltr'><strong>paco</strong></span> <span class='ocrx_word' id='word_1_278' title='bbox 231 4243 283 4320; x_wconf 82' lang='lat' dir='ltr'><strong>jus</strong></span> <span class='ocrx_word' id='word_1_279' title='bbox 299 4255 383 4318; x_wconf 87' lang='lat' dir='ltr'><strong>erat,</strong></span> <span class='ocrx_word' id='word_1_280' title='bbox 397 4237 541 4302; x_wconf 88' lang='lat' dir='ltr'><strong>rediisse.</strong></span> 
     </span>
    </p>
   </div>
   <div class='ocr_carea' id='block_1_3' title="bbox 135 4454 1206 4602">
    <p class='ocr_par' dir='ltr' id='par_1_5' title="bbox 135 4454 1206 4602">
     <span class='ocr_line' id='line_1_36' title="bbox 170 4454 1206 4520; baseline 0.002 -18"><span class='ocrx_word' id='word_1_281' title='bbox 170 4456 186 4520; x_wconf 80' lang='lat'>§</span> <span class='ocrx_word' id='word_1_282' title='bbox 201 4456 308 4502; x_wconf 82' lang='lat' dir='ltr'><strong>XXVII.</strong></span> <span class='ocrx_word' id='word_1_283' title='bbox 322 4454 385 4502; x_wconf 88' lang='lat' dir='ltr'><strong>Plut.</strong></span> <span class='ocrx_word' id='word_1_284' title='bbox 396 4456 422 4499; x_wconf 91' lang='lat' dir='ltr'><strong>in</strong></span> <span class='ocrx_word' id='word_1_285' title='bbox 436 4454 514 4511; x_wconf 85' lang='lat' dir='ltr'><strong>Sulla,</strong></span> <span class='ocrx_word' id='word_1_286' title='bbox 525 4470 578 4518; x_wconf 88' lang='lat' dir='ltr'><strong>cap.</strong></span> <span class='ocrx_word' id='word_1_287' title='bbox 590 4462 631 4516; x_wconf 72' lang='lat'><strong>49.</strong></span> <span class='ocrx_word' id='word_1_288' title='bbox 642 4482 676 4491; x_wconf 93' lang='lat'>—</span> <span class='ocrx_word' id='word_1_289' title='bbox 688 4456 795 4520; x_wconf 79' lang='lat' dir='ltr'><strong>Appian.</strong></span> <span class='ocrx_word' id='word_1_290' title='bbox 809 4480 845 4491; x_wconf 89' lang='lat'><em>-</em></span> <span class='ocrx_word' id='word_1_291' title='bbox 857 4455 986 4502; x_wconf 84' lang='lat' dir='ltr'><strong>Memnon.</strong></span> <span class='ocrx_word' id='word_1_292' title='bbox 994 4482 1027 4491; x_wconf 91' lang='lat'>-</span> <span class='ocrx_word' id='word_1_293' title='bbox 1038 4455 1102 4502; x_wconf 83' lang='lat' dir='ltr'><strong>Flor.</strong></span> <span class='ocrx_word' id='word_1_294' title='bbox 1114 4459 1169 4514; x_wconf 85' lang='lat'><strong>111,</strong></span> <span class='ocrx_word' id='word_1_295' title='bbox 1183 4457 1206 4503; x_wconf 83' lang='lat'><strong>5.</strong></span> 
     </span>
     <span class='ocr_line' id='line_1_37' title="bbox 135 4535 974 4602; baseline -0.001 -17"><span class='ocrx_word' id='word_1_296' title='bbox 135 4566 169 4574; x_wconf 88' lang='lat'>-</span> <span class='ocrx_word' id='word_1_297' title='bbox 179 4540 230 4585; x_wconf 83' lang='lat' dir='ltr'><strong>Liv.</strong></span> <span class='ocrx_word' id='word_1_298' title='bbox 246 4537 310 4598; x_wconf 73' lang='lat' dir='ltr'><strong>Epis.</strong></span> <span class='ocrx_word' id='word_1_299' title='bbox 326 4563 358 4572; x_wconf 92' lang='lat'><strong>-—</strong></span> <span class='ocrx_word' id='word_1_300' title='bbox 372 4535 388 4598; x_wconf 78' lang='lat'>§</span> <span class='ocrx_word' id='word_1_301' title='bbox 398 4537 497 4583; x_wconf 82' lang='lat' dir='ltr'><strong>XXIX.</strong></span> <span class='ocrx_word' id='word_1_302' title='bbox 511 4536 576 4586; x_wconf 84' lang='lat' dir='ltr'><strong>Plut.</strong></span> <span class='ocrx_word' id='word_1_303' title='bbox 590 4565 625 4573; x_wconf 91' lang='lat'><em>-</em></span> <span class='ocrx_word' id='word_1_304' title='bbox 634 4538 699 4587; x_wconf 73' lang='lat' dir='ltr'><strong>Veli.</strong></span> <span class='ocrx_word' id='word_1_305' title='bbox 710 4541 747 4598; x_wconf 91' lang='lat'><strong>11,</strong></span> <span class='ocrx_word' id='word_1_306' title='bbox 763 4539 805 4587; x_wconf 75' lang='lat'><strong>23.</strong></span> <span class='ocrx_word' id='word_1_307' title='bbox 819 4566 853 4575; x_wconf 85' lang='lat'><em>-</em></span> <span class='ocrx_word' id='word_1_308' title='bbox 867 4537 974 4602; x_wconf 82' lang='lat' dir='ltr'><strong>Appian.</strong></span> 
     </span>
    </p>
   </div>
   <div class='ocr_carea' id='block_1_4' title="bbox 0 0 1340 5018">
    <p class='ocr_par' dir='ltr' id='par_1_6' title="bbox 0 0 1340 5018">
     <span class='ocr_line' id='line_1_38' title="bbox 0 0 1340 5018; baseline 0 4"><span class='ocrx_word' id='word_1_309' title='bbox 0 0 1340 5018; x_wconf 95' lang='lat' dir='ltr'><strong> </strong></span> 
     </span>
    </p>
   </div>
  </div>
 </body>
</html>
