<?xml version="1.0" encoding="UTF-8"?>
<!DOCTYPE html PUBLIC "-//W3C//DTD XHTML 1.0 Transitional//EN"
    "http://www.w3.org/TR/xhtml1/DTD/xhtml1-transitional.dtd">
<html xmlns="http://www.w3.org/1999/xhtml" xml:lang="en" lang="en">
 <head>
  <title>
</title>
<meta http-equiv="Content-Type" content="text/html;charset=utf-8" />
  <meta name='ocr-system' content='tesseract 3.04.00' />
  <meta name='ocr-capabilities' content='ocr_page ocr_carea ocr_par ocr_line ocrx_word'/>
</head>
<body>
  <div class='ocr_page' id='page_1' title='image "./titusliviuspata01freigoog_0728.png"; bbox 0 0 2670 5018; ppageno 0'>
   <div class='ocr_carea' id='block_1_1' title="bbox 318 683 1190 782">
    <p class='ocr_par' dir='ltr' id='par_1_1' title="bbox 318 683 1190 782">
     <span class='ocr_line' id='line_1_1' title="bbox 318 683 1190 782; baseline 0.002 -27"><span class='ocrx_word' id='word_1_1' title='bbox 318 685 372 755; x_wconf 81' lang='lat' dir='ltr'><strong>lu</strong></span> <span class='ocrx_word' id='word_1_2' title='bbox 401 686 516 755; x_wconf 90' lang='lat' dir='ltr'><strong>LOC.</strong></span> <span class='ocrx_word' id='word_1_3' title='bbox 545 685 639 754; x_wconf 88' lang='lat' dir='ltr'><strong>LlB.</strong></span> <span class='ocrx_word' id='word_1_4' title='bbox 665 685 753 755; x_wconf 84' lang='lat' dir='ltr'><strong>CXI</strong></span> <span class='ocrx_word' id='word_1_5' title='bbox 784 685 998 756; x_wconf 78' lang='lat' dir='ltr'><strong>ttvtsltt.</strong></span> <span class='ocrx_word' id='word_1_6' title='bbox 1120 683 1190 782; x_wconf 75' lang='lat'><strong>725</strong></span> 
     </span>
    </p>
   </div>
   <div class='ocr_carea' id='block_1_2' title="bbox 67 805 1294 1797">
    <p class='ocr_par' dir='ltr' id='par_1_2' title="bbox 98 805 1294 1398">
     <span class='ocr_line' id='line_1_2' title="bbox 98 805 1193 894; baseline -0.004 -23"><span class='ocrx_word' id='word_1_7' title='bbox 98 882 101 887; x_wconf 18' lang='lat'><strong>⁴</strong></span> <span class='ocrx_word' id='word_1_8' title='bbox 130 821 230 894; x_wconf 82' lang='lat' dir='ltr'><strong>atque</strong></span> <span class='ocrx_word' id='word_1_9' title='bbox 241 807 404 871; x_wconf 80' lang='lat' dir='ltr'><strong>munitum</strong></span> <span class='ocrx_word' id='word_1_10' title='bbox 416 806 615 871; x_wconf 82' lang='lat' dir='ltr'><strong>meminerat</strong></span> <span class='ocrx_word' id='word_1_11' title='bbox 633 805 790 894; x_wconf 75' lang='lat' dir='ltr'>Legiones</span> <span class='ocrx_word' id='word_1_12' title='bbox 804 822 1030 871; x_wconf 85' lang='lat' dir='ltr'><strong>veteranorum</strong></span> <span class='ocrx_word' id='word_1_13' title='bbox 1043 820 1108 872; x_wconf 88' lang='lat' dir='ltr'><strong>tres</strong></span> <span class='ocrx_word' id='word_1_14' title='bbox 1122 809 1193 872; x_wconf 71' lang='lat' dir='ltr'><strong>An.</strong></span> 
     </span>
     <span class='ocr_line' id='line_1_3' title="bbox 132 906 1192 996; baseline -0.004 -22"><span class='ocrx_word' id='word_1_15' title='bbox 132 909 242 974; x_wconf 89' lang='lat' dir='ltr'><strong>tonius</strong></span> <span class='ocrx_word' id='word_1_16' title='bbox 256 908 443 989; x_wconf 71' lang='lat' dir='ltr'><strong>transvexit,</strong></span> <span class='ocrx_word' id='word_1_17' title='bbox 460 931 559 979; x_wconf 86' lang='lat' dir='ltr'><strong>unam</strong></span> <span class='ocrx_word' id='word_1_18' title='bbox 575 907 720 972; x_wconf 90' lang='lat' dir='ltr'><strong>tironum</strong></span> <span class='ocrx_word' id='word_1_19' title='bbox 736 906 823 994; x_wconf 73' lang='lat' dir='ltr'><strong>(hacc</strong></span> <span class='ocrx_word' id='word_1_20' title='bbox 839 924 931 971; x_wconf 87' lang='lat' dir='ltr'><strong>erant</strong></span> <span class='ocrx_word' id='word_1_21' title='bbox 943 906 1071 972; x_wconf 86' lang='lat' dir='ltr'><strong>circiter</strong></span> <span class='ocrx_word' id='word_1_22' title='bbox 1078 907 1192 996; x_wconf 84' lang='lat' dir='ltr'><strong>viginti</strong></span> 
     </span>
     <span class='ocr_line' id='line_1_4' title="bbox 133 1001 1191 1096; baseline -0.002 -24"><span class='ocrx_word' id='word_1_23' title='bbox 133 1009 274 1072; x_wconf 91' lang='lat' dir='ltr'><strong>militum</strong></span> <span class='ocrx_word' id='word_1_24' title='bbox 301 1010 439 1096; x_wconf 88' lang='lat' dir='ltr'><strong>millia),</strong></span> <span class='ocrx_word' id='word_1_25' title='bbox 463 1008 588 1096; x_wconf 83' lang='lat' dir='ltr'>equites</span> <span class='ocrx_word' id='word_1_26' title='bbox 616 1001 830 1095; x_wconf 85' lang='lat' dir='ltr'><strong>octingentos.</strong></span> <span class='ocrx_word' id='word_1_27' title='bbox 861 1009 988 1072; x_wconf 90' lang='lat' dir='ltr'><strong>Horum</strong></span> <span class='ocrx_word' id='word_1_28' title='bbox 1009 1007 1191 1089; x_wconf 86' lang='lat' dir='ltr'><strong>adventus,</strong></span> 
     </span>
     <span class='ocr_line' id='line_1_5' title="bbox 133 1095 1294 1198; baseline -0.003 -23"><span class='ocrx_word' id='word_1_29' title='bbox 133 1110 248 1175; x_wconf 88' lang='lat' dir='ltr'><strong>eodem</strong></span> <span class='ocrx_word' id='word_1_30' title='bbox 260 1112 362 1176; x_wconf 84' lang='lat' dir='ltr'><strong>ferme</strong></span> <span class='ocrx_word' id='word_1_31' title='bbox 376 1095 521 1198; x_wconf 78' lang='lat' dir='ltr'><strong>tempore</strong></span> <span class='ocrx_word' id='word_1_32' title='bbox 533 1109 645 1174; x_wconf 79' lang='lat' dir='ltr'><strong>Caesari</strong></span> <span class='ocrx_word' id='word_1_33' title='bbox 659 1109 879 1197; x_wconf 82' lang='lat' dir='ltr'><strong>Pompeioque</strong></span> <span class='ocrx_word' id='word_1_34' title='bbox 890 1110 1057 1198; x_wconf 90' lang='lat' dir='ltr'><strong>cognitus,</strong></span> <span class='ocrx_word' id='word_1_35' title='bbox 1070 1124 1194 1173; x_wconf 87' lang='lat' dir='ltr'><strong>utrum·</strong></span> <span class='ocrx_word' id='word_1_36' title='bbox 1292 1186 1294 1190; x_wconf 6' lang='grc' dir='ltr'>μ</span> 
     </span>
     <span class='ocr_line' id='line_1_6' title="bbox 133 1210 1194 1298; baseline 0 -25"><span class='ocrx_word' id='word_1_37' title='bbox 133 1233 198 1298; x_wconf 89' lang='lat' dir='ltr'><strong>que</strong></span> <span class='ocrx_word' id='word_1_38' title='bbox 216 1212 349 1292; x_wconf 80' lang='lat' dir='ltr'><strong>excivit,</strong></span> <span class='ocrx_word' id='word_1_39' title='bbox 364 1229 401 1275; x_wconf 90' lang='lat' dir='ltr'><strong>ut</strong></span> <span class='ocrx_word' id='word_1_40' title='bbox 416 1211 532 1275; x_wconf 90' lang='lat' dir='ltr'><strong>eodem</strong></span> <span class='ocrx_word' id='word_1_41' title='bbox 547 1210 601 1274; x_wconf 88' lang='lat' dir='ltr'><strong>die</strong></span> <span class='ocrx_word' id='word_1_42' title='bbox 619 1226 721 1274; x_wconf 84' lang='lat' dir='ltr'><strong>castra</strong></span> <span class='ocrx_word' id='word_1_43' title='bbox 736 1227 904 1275; x_wconf 85' lang='lat' dir='ltr'><strong>moverent</strong></span> <span class='ocrx_word' id='word_1_44' title='bbox 919 1232 927 1274; x_wconf 72' lang='grc' dir='ltr'>ε</span> <span class='ocrx_word' id='word_1_45' title='bbox 941 1210 1011 1292; x_wconf 88' lang='lat' dir='ltr'><strong>hic,</strong></span> <span class='ocrx_word' id='word_1_46' title='bbox 1028 1225 1066 1273; x_wconf 91' lang='lat' dir='ltr'><strong>ut</strong></span> <span class='ocrx_word' id='word_1_47' title='bbox 1077 1232 1194 1274; x_wconf 91' lang='lat' dir='ltr'><strong>occur·</strong></span> 
     </span>
     <span class='ocr_line' id='line_1_7' title="bbox 133 1309 1194 1398; baseline -0.001 -23"><span class='ocrx_word' id='word_1_48' title='bbox 133 1328 219 1375; x_wconf 85' lang='lat' dir='ltr'><strong>reret</strong></span> <span class='ocrx_word' id='word_1_49' title='bbox 233 1313 454 1393; x_wconf 75' lang='lat' dir='ltr'><strong>venientibus,</strong></span> <span class='ocrx_word' id='word_1_50' title='bbox 471 1327 504 1375; x_wconf 91' lang='lat' dir='ltr'><strong>et</strong></span> <span class='ocrx_word' id='word_1_51' title='bbox 520 1334 562 1375; x_wconf 83' lang='lat' dir='ltr'><strong>ne</strong></span> <span class='ocrx_word' id='word_1_52' title='bbox 581 1334 656 1375; x_wconf 92' lang='lat' dir='ltr'><strong>cum</strong></span> <span class='ocrx_word' id='word_1_53' title='bbox 669 1312 789 1375; x_wconf 83' lang='lat' dir='ltr'><strong>Caesare</strong></span> <span class='ocrx_word' id='word_1_54' title='bbox 802 1310 955 1398; x_wconf 85' lang='lat' dir='ltr'><strong>conjungi</strong></span> <span class='ocrx_word' id='word_1_55' title='bbox 971 1327 1117 1397; x_wconf 82' lang='lat' dir='ltr'><strong>possent,</strong></span> <span class='ocrx_word' id='word_1_56' title='bbox 1131 1309 1194 1374; x_wconf 89' lang='lat' dir='ltr'><strong>im·</strong></span> 
     </span>
    </p>

    <p class='ocr_par' dir='ltr' id='par_1_3' title="bbox 67 1411 1193 1701">
     <span class='ocr_line' id='line_1_8' title="bbox 67 1411 1193 1501; baseline 0.002 -27"><span class='ocrx_word' id='word_1_57' title='bbox 67 1458 72 1469; x_wconf 87' lang='lat'><strong>.</strong></span> <span class='ocrx_word' id='word_1_58' title='bbox 134 1411 276 1500; x_wconf 88' lang='lat' dir='ltr'><strong>pediret;</strong></span> <span class='ocrx_word' id='word_1_59' title='bbox 292 1414 363 1495; x_wconf 91' lang='lat' dir='ltr'><strong>ille,</strong></span> <span class='ocrx_word' id='word_1_60' title='bbox 379 1431 418 1478; x_wconf 93' lang='lat' dir='ltr'><strong>ut</strong></span> <span class='ocrx_word' id='word_1_61' title='bbox 436 1429 570 1477; x_wconf 85' lang='lat' dir='ltr'><strong>conatus</strong></span> <span class='ocrx_word' id='word_1_62' title='bbox 587 1414 737 1501; x_wconf 68' lang='lat' dir='ltr'><strong>,Pompeii</strong></span> <span class='ocrx_word' id='word_1_63' title='bbox 758 1435 858 1477; x_wconf 76' lang='lat' dir='ltr'><strong>vanos</strong></span> <span class='ocrx_word' id='word_1_64' title='bbox 879 1411 1029 1477; x_wconf 86' lang='lat' dir='ltr'><strong>efficeret.</strong></span> <span class='ocrx_word' id='word_1_65' title='bbox 1049 1413 1124 1476; x_wconf 92' lang='lat' dir='ltr'><strong>Uno</strong></span> <span class='ocrx_word' id='word_1_66' title='bbox 1138 1411 1193 1476; x_wconf 87' lang='lat' dir='ltr'><strong>die</strong></span> 
     </span>
     <span class='ocr_line' id='line_1_9' title="bbox 134 1511 1193 1602; baseline 0.001 -27"><span class='ocrx_word' id='word_1_67' title='bbox 134 1511 269 1576; x_wconf 87' lang='lat' dir='ltr'><strong>celerius</strong></span> <span class='ocrx_word' id='word_1_68' title='bbox 291 1515 433 1579; x_wconf 89' lang='lat' dir='ltr'><strong>occurrit</strong></span> <span class='ocrx_word' id='word_1_69' title='bbox 453 1513 613 1602; x_wconf 86' lang='lat' dir='ltr'><strong>Magnus,</strong></span> <span class='ocrx_word' id='word_1_70' title='bbox 640 1514 716 1602; x_wconf 88' lang='lat' dir='ltr'><strong>quia</strong></span> <span class='ocrx_word' id='word_1_71' title='bbox 740 1515 867 1578; x_wconf 88' lang='lat' dir='ltr'><strong>nullum</strong></span> <span class='ocrx_word' id='word_1_72' title='bbox 889 1513 934 1577; x_wconf 87' lang='lat' dir='ltr'><strong>illi</strong></span> <span class='ocrx_word' id='word_1_73' title='bbox 959 1511 1193 1577; x_wconf 87' lang='lat' dir='ltr'><strong>transeundum</strong></span> 
     </span>
     <span class='ocr_line' id='line_1_10' title="bbox 134 1611 1192 1701; baseline 0 -25"><span class='ocrx_word' id='word_1_74' title='bbox 134 1611 256 1678; x_wconf 83' lang='lat' dir='ltr'><strong>flumen</strong></span> <span class='ocrx_word' id='word_1_75' title='bbox 286 1616 410 1695; x_wconf 80' lang='lat' dir='ltr'><strong>fuerat3</strong></span> <span class='ocrx_word' id='word_1_76' title='bbox 443 1615 597 1678; x_wconf 78' lang='lat' dir='ltr'><strong>Caesarem</strong></span> <span class='ocrx_word' id='word_1_77' title='bbox 625 1613 745 1678; x_wconf 83' lang='lat' dir='ltr'><strong>vadum</strong></span> <span class='ocrx_word' id='word_1_78' title='bbox 771 1611 981 1701; x_wconf 83' lang='lat' dir='ltr'><strong>quoerendum</strong></span> <span class='ocrx_word' id='word_1_79' title='bbox 1005 1611 1192 1676; x_wconf 75' lang='lat' dir='ltr'><strong>tardaverat.</strong></span> 
     </span>
    </p>

    <p class='ocr_par' dir='ltr' id='par_1_4' title="bbox 134 1714 1194 1797">
     <span class='ocr_line' id='line_1_11' title="bbox 134 1714 1194 1797; baseline -0.002 -18"><span class='ocrx_word' id='word_1_80' title='bbox 134 1714 199 1779; x_wconf 86' lang='lat' dir='ltr'><strong>Sed</strong></span> <span class='ocrx_word' id='word_1_81' title='bbox 211 1715 364 1781; x_wconf 82' lang='lat' dir='ltr'><strong>adversus</strong></span> <span class='ocrx_word' id='word_1_82' title='bbox 385 1717 450 1780; x_wconf 83' lang='lat' dir='ltr'><strong>vim</strong></span> <span class='ocrx_word' id='word_1_83' title='bbox 467 1717 612 1781; x_wconf 91' lang='lat' dir='ltr'><strong>hostium</strong></span> <span class='ocrx_word' id='word_1_84' title='bbox 632 1717 793 1781; x_wconf 86' lang='lat' dir='ltr'><strong>Antonius</strong></span> <span class='ocrx_word' id='word_1_85' title='bbox 812 1715 922 1780; x_wconf 85' lang='lat' dir='ltr'><strong>castris</strong></span> <span class='ocrx_word' id='word_1_86' title='bbox 943 1736 977 1777; x_wconf 89' lang='lat' dir='ltr'><strong>se</strong></span> <span class='ocrx_word' id='word_1_87' title='bbox 994 1714 1119 1797; x_wconf 72' lang='lat' dir='ltr'><strong>tenuit,</strong></span> <span class='ocrx_word' id='word_1_88' title='bbox 1138 1735 1194 1777; x_wconf 89' lang='lat' dir='ltr'><strong>su·</strong></span> 
     </span>
    </p>
   </div>
   <div class='ocr_carea' id='block_1_3' title="bbox 135 1813 1197 2511">
    <p class='ocr_par' dir='ltr' id='par_1_5' title="bbox 135 1813 1197 2511">
     <span class='ocr_line' id='line_1_12' title="bbox 135 1813 1195 1904; baseline 0 -26"><span class='ocrx_word' id='word_1_89' title='bbox 135 1834 293 1903; x_wconf 76' lang='lat' dir='ltr'><strong>perventu</strong></span> <span class='ocrx_word' id='word_1_90' title='bbox 306 1817 425 1883; x_wconf 88' lang='lat' dir='ltr'><strong>deinde</strong></span> <span class='ocrx_word' id='word_1_91' title='bbox 441 1817 571 1882; x_wconf 75' lang='lat' dir='ltr'><strong>Caesasis</strong></span> <span class='ocrx_word' id='word_1_92' title='bbox 587 1817 761 1904; x_wconf 90' lang='lat' dir='ltr'><strong>Pompeius</strong></span> <span class='ocrx_word' id='word_1_93' title='bbox 774 1815 815 1880; x_wconf 89' lang='lat' dir='ltr'><strong>ad</strong></span> <span class='ocrx_word' id='word_1_94' title='bbox 831 1813 1069 1904; x_wconf 84' lang='lat' dir='ltr'><strong>Dyrrhachium</strong></span> <span class='ocrx_word' id='word_1_95' title='bbox 1085 1814 1195 1902; x_wconf 84' lang='lat' dir='ltr'><strong>posuit</strong></span> 
     </span>
     <span class='ocr_line' id='line_1_13' title="bbox 135 1911 1097 2005; baseline 0.003 -26"><span class='ocrx_word' id='word_1_96' title='bbox 135 1931 254 1998; x_wconf 86' lang='lat' dir='ltr'><strong>castra,</strong></span> <span class='ocrx_word' id='word_1_97' title='bbox 271 1918 343 1981; x_wconf 77' lang='lat' dir='ltr'><strong>loco</strong></span> <span class='ocrx_word' id='word_1_98' title='bbox 359 1918 496 1998; x_wconf 90' lang='lat' dir='ltr'><strong>idoneo;</strong></span> <span class='ocrx_word' id='word_1_99' title='bbox 512 1919 722 2005; x_wconf 70' lang='lat' dir='ltr'><strong>Asparagium</strong></span> <span class='ocrx_word' id='word_1_100' title='bbox 737 1934 862 1982; x_wconf 79' lang='lat' dir='ltr'><strong>vocant.</strong></span> <span class='ocrx_word' id='word_1_101' title='bbox 1094 1911 1097 1919; x_wconf 74' lang='grc'><strong>’</strong></span> 
     </span>
     <span class='ocr_line' id='line_1_14' title="bbox 180 2015 1195 2106; baseline 0.001 -28"><span class='ocrx_word' id='word_1_102' title='bbox 180 2015 286 2080; x_wconf 90' lang='lat' dir='ltr'><strong>XXX.</strong></span> <span class='ocrx_word' id='word_1_103' title='bbox 309 2017 542 2106; x_wconf 78' lang='lat' dir='ltr'><strong>Theophanem</strong></span> <span class='ocrx_word' id='word_1_104' title='bbox 559 2016 695 2097; x_wconf 88' lang='lat' dir='ltr'><strong>deinde,</strong></span> <span class='ocrx_word' id='word_1_105' title='bbox 718 2038 784 2102; x_wconf 91' lang='lat' dir='ltr'><strong>quo</strong></span> <span class='ocrx_word' id='word_1_106' title='bbox 805 2017 957 2105; x_wconf 83' lang='lat' dir='ltr'><strong>praelecto</strong></span> <span class='ocrx_word' id='word_1_107' title='bbox 973 2015 1101 2079; x_wconf 80' lang='lat' dir='ltr'><strong>fabrum</strong></span> <span class='ocrx_word' id='word_1_108' title='bbox 1121 2031 1195 2080; x_wconf 89' lang='lat' dir='ltr'><strong>ute·</strong></span> 
     </span>
     <span class='ocr_line' id='line_1_15' title="bbox 136 2115 1197 2206; baseline 0 -26"><span class='ocrx_word' id='word_1_109' title='bbox 136 2115 251 2198; x_wconf 87' lang='lat' dir='ltr'><strong>batur,</strong></span> <span class='ocrx_word' id='word_1_110' title='bbox 269 2120 372 2200; x_wconf 87' lang='lat' dir='ltr'><strong>misit,</strong></span> <span class='ocrx_word' id='word_1_111' title='bbox 392 2120 448 2206; x_wconf 93' lang='lat' dir='ltr'><strong>qui</strong></span> <span class='ocrx_word' id='word_1_112' title='bbox 467 2117 613 2183; x_wconf 87' lang='lat' dir='ltr'><strong>Rhodios</strong></span> <span class='ocrx_word' id='word_1_113' title='bbox 629 2119 744 2182; x_wconf 89' lang='lat' dir='ltr'><strong>amissa</strong></span> <span class='ocrx_word' id='word_1_114' title='bbox 761 2117 861 2181; x_wconf 88' lang='lat' dir='ltr'><strong>classe</strong></span> <span class='ocrx_word' id='word_1_115' title='bbox 877 2117 1115 2198; x_wconf 76' lang='lat' dir='ltr'><strong>consolaretur,</strong></span> <span class='ocrx_word' id='word_1_116' title='bbox 1132 2139 1197 2180; x_wconf 83' lang='lat' dir='ltr'><strong>non</strong></span> 
     </span>
     <span class='ocr_line' id='line_1_16' title="bbox 135 2218 1196 2311; baseline 0.001 -31"><span class='ocrx_word' id='word_1_117' title='bbox 135 2219 178 2281; x_wconf 87' lang='lat' dir='ltr'><strong>ab</strong></span> <span class='ocrx_word' id='word_1_118' title='bbox 201 2218 338 2284; x_wconf 76' lang='lat' dir='ltr'><strong>hostibus</strong></span> <span class='ocrx_word' id='word_1_119' title='bbox 363 2235 489 2308; x_wconf 84' lang='lat' dir='ltr'><strong>accepto</strong></span> <span class='ocrx_word' id='word_1_120' title='bbox 512 2219 719 2299; x_wconf 82' lang='lat' dir='ltr'><strong>detrimento,</strong></span> <span class='ocrx_word' id='word_1_121' title='bbox 747 2219 804 2282; x_wconf 82' lang='lat' dir='ltr'><strong>sed</strong></span> <span class='ocrx_word' id='word_1_122' title='bbox 829 2218 920 2283; x_wconf 79' lang='lat' dir='ltr'><strong>illato</strong></span> <span class='ocrx_word' id='word_1_123' title='bbox 945 2219 1196 2311; x_wconf 66' lang='lat' dir='ltr'><strong>tenppcstdtibtts5</strong></span> 
     </span>
     <span class='ocr_line' id='line_1_17' title="bbox 135 2319 1197 2409; baseline 0.003 -28"><span class='ocrx_word' id='word_1_124' title='bbox 135 2340 234 2404; x_wconf 78' lang='lat' dir='ltr'><strong>neque</strong></span> <span class='ocrx_word' id='word_1_125' title='bbox 248 2320 394 2384; x_wconf 79' lang='lat' dir='ltr'><strong>navalem</strong></span> <span class='ocrx_word' id='word_1_126' title='bbox 411 2322 538 2385; x_wconf 84' lang='lat' dir='ltr'><strong>illorum</strong></span> <span class='ocrx_word' id='word_1_127' title='bbox 560 2319 723 2408; x_wconf 80' lang='lat' dir='ltr'><strong>deliquisse</strong></span> <span class='ocrx_word' id='word_1_128' title='bbox 738 2320 894 2406; x_wconf 80' lang='lat' dir='ltr'><strong>gloriam,</strong></span> <span class='ocrx_word' id='word_1_129' title='bbox 979 2321 1066 2409; x_wconf 83' lang='lat' dir='ltr'><strong>quod</strong></span> <span class='ocrx_word' id='word_1_130' title='bbox 1081 2321 1197 2384; x_wconf 78' lang='lat' dir='ltr'><strong>uirium</strong></span> 
     </span>
     <span class='ocr_line' id='line_1_18' title="bbox 135 2419 1197 2511; baseline 0.002 -28"><span class='ocrx_word' id='word_1_131' title='bbox 135 2419 323 2503; x_wconf 80' lang='lat' dir='ltr'><strong>decessisset,</strong></span> <span class='ocrx_word' id='word_1_132' title='bbox 340 2423 377 2486; x_wconf 86' lang='lat' dir='ltr'><strong>id</strong></span> <span class='ocrx_word' id='word_1_133' title='bbox 395 2423 521 2488; x_wconf 64' lang='lat' dir='ltr'><strong>warde</strong></span> <span class='ocrx_word' id='word_1_134' title='bbox 538 2420 685 2508; x_wconf 76' lang='lat' dir='ltr'><strong>benefici&gt;</strong></span> <span class='ocrx_word' id='word_1_135' title='bbox 702 2436 825 2486; x_wconf 77' lang='lat' dir='ltr'><strong>senatus</strong></span> <span class='ocrx_word' id='word_1_136' title='bbox 844 2435 939 2510; x_wconf 77' lang='lat' dir='ltr'><strong>atque</strong></span> <span class='ocrx_word' id='word_1_137' title='bbox 983 2423 1096 2511; x_wconf 70' lang='lat' dir='ltr'><strong>onqneii</strong></span> <span class='ocrx_word' id='word_1_138' title='bbox 1106 2443 1197 2485; x_wconf 83' lang='lat' dir='ltr'><strong>reeu-</strong></span> 
     </span>
    </p>
   </div>
   <div class='ocr_carea' id='block_1_4' title="bbox 115 2524 1308 4332">
    <p class='ocr_par' dir='ltr' id='par_1_6' title="bbox 130 2524 1308 2916">
     <span class='ocr_line' id='line_1_19' title="bbox 130 2524 1308 2613; baseline -0.001 -28"><span class='ocrx_word' id='word_1_139' title='bbox 130 2537 299 2610; x_wconf 82' lang='lat' dir='ltr'><strong>peraturos</strong></span> <span class='ocrx_word' id='word_1_140' title='bbox 319 2547 363 2587; x_wconf 80' lang='lat' dir='ltr'><strong>ex</strong></span> <span class='ocrx_word' id='word_1_141' title='bbox 381 2527 518 2588; x_wconf 71' lang='lat' dir='ltr'><strong>victoria</strong></span> <span class='ocrx_word' id='word_1_142' title='bbox 527 2572 537 2604; x_wconf 92' lang='lat'><strong>,</strong></span> <span class='ocrx_word' id='word_1_143' title='bbox 560 2547 658 2613; x_wconf 84' lang='lat' dir='ltr'><strong>quam</strong></span> <span class='ocrx_word' id='word_1_144' title='bbox 674 2537 791 2588; x_wconf 81' lang='lat' dir='ltr'><strong>certam</strong></span> <span class='ocrx_word' id='word_1_145' title='bbox 805 2524 1065 2612; x_wconf 76' lang='lat' dir='ltr'><strong>exploratamque</strong></span> <span class='ocrx_word' id='word_1_146' title='bbox 1082 2544 1145 2585; x_wconf 87' lang='lat' dir='ltr'><strong>esse</strong></span> <span class='ocrx_word' id='word_1_147' title='bbox 1163 2525 1197 2585; x_wconf 82' lang='lat' dir='ltr'><strong>in</strong></span> <span class='ocrx_word' id='word_1_148' title='bbox 1303 2542 1308 2553; x_wconf 86' lang='lat'><strong>·</strong></span> 
     </span>
     <span class='ocr_line' id='line_1_20' title="bbox 137 2622 1199 2714; baseline -0.002 -27"><span class='ocrx_word' id='word_1_149' title='bbox 137 2624 293 2688; x_wconf 84' lang='lat' dir='ltr'><strong>manibus.</strong></span> <span class='ocrx_word' id='word_1_150' title='bbox 309 2627 354 2690; x_wconf 81' lang='lat' dir='ltr'><strong>At</strong></span> <span class='ocrx_word' id='word_1_151' title='bbox 367 2625 486 2708; x_wconf 83' lang='lat' dir='ltr'><strong>Coesar,</strong></span> <span class='ocrx_word' id='word_1_152' title='bbox 497 2627 562 2707; x_wconf 88' lang='lat' dir='ltr'><strong>jam</strong></span> <span class='ocrx_word' id='word_1_153' title='bbox 576 2625 744 2690; x_wconf 87' lang='lat' dir='ltr'><strong>abundans</strong></span> <span class='ocrx_word' id='word_1_154' title='bbox 760 2624 880 2714; x_wconf 91' lang='lat' dir='ltr'><strong>copiis,</strong></span> <span class='ocrx_word' id='word_1_155' title='bbox 894 2624 953 2691; x_wconf 92' lang='lat' dir='ltr'><strong>Cn.</strong></span> <span class='ocrx_word' id='word_1_156' title='bbox 967 2622 1113 2687; x_wconf 90' lang='lat' dir='ltr'><strong>Domitio</strong></span> <span class='ocrx_word' id='word_1_157' title='bbox 1127 2622 1199 2686; x_wconf 86' lang='lat' dir='ltr'><strong>Cal-</strong></span> 
     </span>
     <span class='ocr_line' id='line_1_21' title="bbox 138 2723 1198 2816; baseline -0.001 -29"><span class='ocrx_word' id='word_1_158' title='bbox 138 2723 227 2787; x_wconf 80' lang='lat' dir='ltr'><strong>tinio</strong></span> <span class='ocrx_word' id='word_1_159' title='bbox 242 2740 305 2789; x_wconf 86' lang='lat' dir='ltr'><strong>tres</strong></span> <span class='ocrx_word' id='word_1_160' title='bbox 323 2726 465 2814; x_wconf 83' lang='lat' dir='ltr'><strong>legiones</strong></span> <span class='ocrx_word' id='word_1_161' title='bbox 480 2749 555 2791; x_wconf 89' lang='lat' dir='ltr'><strong>cum</strong></span> <span class='ocrx_word' id='word_1_162' title='bbox 573 2727 735 2816; x_wconf 88' lang='lat' dir='ltr'><strong>equitibus</strong></span> <span class='ocrx_word' id='word_1_163' title='bbox 754 2725 955 2816; x_wconf 84' lang='lat' dir='ltr'><strong>quingentis,</strong></span> <span class='ocrx_word' id='word_1_164' title='bbox 974 2725 1009 2792; x_wconf 88' lang='lat' dir='ltr'><strong>L.</strong></span> <span class='ocrx_word' id='word_1_165' title='bbox 1023 2723 1135 2788; x_wconf 86' lang='lat' dir='ltr'><strong>Cassio</strong></span> <span class='ocrx_word' id='word_1_166' title='bbox 1150 2724 1198 2787; x_wconf 89' lang='lat' dir='ltr'><strong>le·</strong></span> 
     </span>
     <span class='ocr_line' id='line_1_22' title="bbox 139 2825 1203 2916; baseline 0 -30"><span class='ocrx_word' id='word_1_167' title='bbox 139 2825 269 2914; x_wconf 88' lang='lat' dir='ltr'><strong>gionem</strong></span> <span class='ocrx_word' id='word_1_168' title='bbox 285 2827 428 2892; x_wconf 91' lang='lat' dir='ltr'><strong>tironum</strong></span> <span class='ocrx_word' id='word_1_169' title='bbox 442 2844 475 2893; x_wconf 90' lang='lat' dir='ltr'><strong>et</strong></span> <span class='ocrx_word' id='word_1_170' title='bbox 488 2829 612 2916; x_wconf 86' lang='lat' dir='ltr'><strong>equites</strong></span> <span class='ocrx_word' id='word_1_171' title='bbox 626 2827 800 2909; x_wconf 86' lang='lat' dir='ltr'><strong>ducentos,</strong></span> <span class='ocrx_word' id='word_1_172' title='bbox 814 2832 850 2892; x_wconf 89' lang='lat' dir='ltr'><strong>C.</strong></span> <span class='ocrx_word' id='word_1_173' title='bbox 861 2826 997 2893; x_wconf 76' lang='lat' dir='ltr'><strong>Calvisio</strong></span> <span class='ocrx_word' id='word_1_174' title='bbox 1011 2825 1131 2890; x_wconf 87' lang='lat' dir='ltr'><strong>Sabino</strong></span> <span class='ocrx_word' id='word_1_175' title='bbox 1144 2845 1203 2888; x_wconf 91' lang='lat' dir='ltr'><strong>co-.</strong></span> 
     </span>
    </p>

    <p class='ocr_par' dir='ltr' id='par_1_7' title="bbox 115 2925 1202 3420">
     <span class='ocr_line' id='line_1_23' title="bbox 115 2925 1198 3018; baseline -0.001 -29"><span class='ocrx_word' id='word_1_176' title='bbox 115 2962 120 2971; x_wconf 92' lang='lat'>·</span> <span class='ocrx_word' id='word_1_177' title='bbox 139 2927 250 2990; x_wconf 83' lang='lat' dir='ltr'><strong>hortos</strong></span> <span class='ocrx_word' id='word_1_178' title='bbox 264 2928 409 3016; x_wconf 90' lang='lat' dir='ltr'><strong>quinque</strong></span> <span class='ocrx_word' id='word_1_179' title='bbox 422 2952 497 2992; x_wconf 92' lang='lat' dir='ltr'><strong>cum</strong></span> <span class='ocrx_word' id='word_1_180' title='bbox 511 2930 619 3018; x_wconf 87' lang='lat' dir='ltr'><strong>paucis</strong></span> <span class='ocrx_word' id='word_1_181' title='bbox 634 2929 796 3016; x_wconf 87' lang='lat' dir='ltr'><strong>equitibus</strong></span> <span class='ocrx_word' id='word_1_182' title='bbox 809 2929 972 3008; x_wconf 86' lang='lat' dir='ltr'><strong>attribuit,</strong></span> <span class='ocrx_word' id='word_1_183' title='bbox 987 2942 1024 2990; x_wconf 94' lang='lat' dir='ltr'><strong>ut</strong></span> <span class='ocrx_word' id='word_1_184' title='bbox 1035 2948 1094 3014; x_wconf 88' lang='lat' dir='ltr'><strong>per</strong></span> <span class='ocrx_word' id='word_1_185' title='bbox 1106 2925 1198 2989; x_wconf 91' lang='lat' dir='ltr'><strong>illum</strong></span> 
     </span>
     <span class='ocr_line' id='line_1_24' title="bbox 139 3023 1202 3117; baseline -0.005 -25"><span class='ocrx_word' id='word_1_186' title='bbox 139 3023 344 3109; x_wconf 87' lang='lat' dir='ltr'><strong>Macedonia,</strong></span> <span class='ocrx_word' id='word_1_187' title='bbox 363 3052 420 3116; x_wconf 91' lang='lat' dir='ltr'><strong>per</strong></span> <span class='ocrx_word' id='word_1_188' title='bbox 435 3029 533 3094; x_wconf 88' lang='lat' dir='ltr'><strong>istum</strong></span> <span class='ocrx_word' id='word_1_189' title='bbox 550 3031 731 3111; x_wconf 86' lang='lat' dir='ltr'><strong>Thessalis,</strong></span> <span class='ocrx_word' id='word_1_190' title='bbox 753 3052 811 3117; x_wconf 90' lang='lat' dir='ltr'><strong>per</strong></span> <span class='ocrx_word' id='word_1_191' title='bbox 831 3030 922 3092; x_wconf 89' lang='lat' dir='ltr'><strong>huno</strong></span> <span class='ocrx_word' id='word_1_192' title='bbox 941 3027 1060 3091; x_wconf 86' lang='lat' dir='ltr'><strong>AEtolia</strong></span> <span class='ocrx_word' id='word_1_193' title='bbox 1079 3025 1202 3112; x_wconf 66' lang='lat' dir='ltr'><strong>recipe«</strong></span> 
     </span>
     <span class='ocr_line' id='line_1_25' title="bbox 140 3125 1200 3215; baseline 0 -25"><span class='ocrx_word' id='word_1_194' title='bbox 140 3143 271 3208; x_wconf 80' lang='lat' dir='ltr'><strong>rentur3</strong></span> <span class='ocrx_word' id='word_1_195' title='bbox 285 3128 382 3191; x_wconf 90' lang='lat' dir='ltr'><strong>simul</strong></span> <span class='ocrx_word' id='word_1_196' title='bbox 391 3151 441 3192; x_wconf 90' lang='lat' dir='ltr'><strong>res</strong></span> <span class='ocrx_word' id='word_1_197' title='bbox 450 3129 658 3194; x_wconf 84' lang='lat' dir='ltr'><strong>frumentaria</strong></span> <span class='ocrx_word' id='word_1_198' title='bbox 668 3129 788 3194; x_wconf 90' lang='lat' dir='ltr'><strong>horum</strong></span> <span class='ocrx_word' id='word_1_199' title='bbox 797 3152 896 3215; x_wconf 87' lang='lat' dir='ltr'><strong>opera</strong></span> <span class='ocrx_word' id='word_1_200' title='bbox 904 3126 994 3192; x_wconf 87' lang='lat' dir='ltr'><strong>fieret</strong></span> <span class='ocrx_word' id='word_1_201' title='bbox 1002 3125 1200 3214; x_wconf 72' lang='lat' dir='ltr'><strong>expeditiora</strong></span> 
     </span>
     <span class='ocr_line' id='line_1_26' title="bbox 141 3227 1201 3317; baseline 0 -26"><span class='ocrx_word' id='word_1_202' title='bbox 141 3228 210 3317; x_wconf 89' lang='lat' dir='ltr'><strong>ipse</strong></span> <span class='ocrx_word' id='word_1_203' title='bbox 224 3228 416 3316; x_wconf 89' lang='lat' dir='ltr'><strong>Pompeium</strong></span> <span class='ocrx_word' id='word_1_204' title='bbox 431 3229 641 3316; x_wconf 84' lang='lat' dir='ltr'><strong>insequutus,</strong></span> <span class='ocrx_word' id='word_1_205' title='bbox 659 3245 761 3294; x_wconf 77' lang='lat' dir='ltr'><strong>castra</strong></span> <span class='ocrx_word' id='word_1_206' title='bbox 774 3230 882 3293; x_wconf 87' lang='lat' dir='ltr'><strong>castris</strong></span> <span class='ocrx_word' id='word_1_207' title='bbox 896 3228 964 3308; x_wconf 88' lang='lat' dir='ltr'><strong>ejus</strong></span> <span class='ocrx_word' id='word_1_208' title='bbox 979 3227 1150 3316; x_wconf 75' lang='lat' dir='ltr'><strong>opposuit,</strong></span> <span class='ocrx_word' id='word_1_209' title='bbox 1167 3241 1201 3291; x_wconf 89' lang='lat' dir='ltr'><strong>et</strong></span> 
     </span>
     <span class='ocr_line' id='line_1_27' title="bbox 142 3327 1111 3420; baseline -0.002 -26"><span class='ocrx_word' id='word_1_210' title='bbox 142 3330 313 3420; x_wconf 87' lang='lat' dir='ltr'><strong>postridie,</strong></span> <span class='ocrx_word' id='word_1_211' title='bbox 330 3331 430 3419; x_wconf 90' lang='lat' dir='ltr'><strong>copiis</strong></span> <span class='ocrx_word' id='word_1_212' title='bbox 443 3331 626 3411; x_wconf 90' lang='lat' dir='ltr'><strong>instructis,</strong></span> <span class='ocrx_word' id='word_1_213' title='bbox 643 3346 833 3418; x_wconf 82' lang='lat' dir='ltr'><strong>potestatem</strong></span> <span class='ocrx_word' id='word_1_214' title='bbox 846 3327 1013 3419; x_wconf 83' lang='lat' dir='ltr'><strong>pugnandi</strong></span> <span class='ocrx_word' id='word_1_215' title='bbox 1026 3328 1111 3392; x_wconf 84' lang='lat' dir='ltr'><strong>fecit.</strong></span> 
     </span>
    </p>

    <p class='ocr_par' dir='ltr' id='par_1_8' title="bbox 142 3428 1256 4332">
     <span class='ocr_line' id='line_1_28' title="bbox 187 3428 1201 3519; baseline 0 -27"><span class='ocrx_word' id='word_1_216' title='bbox 187 3430 310 3496; x_wconf 89' lang='lat' dir='ltr'><strong>XXXI.</strong></span> <span class='ocrx_word' id='word_1_217' title='bbox 327 3431 390 3496; x_wconf 86' lang='lat' dir='ltr'><strong>Sed</strong></span> <span class='ocrx_word' id='word_1_218' title='bbox 406 3431 562 3519; x_wconf 89' lang='lat' dir='ltr'><strong>Pompeio</strong></span> <span class='ocrx_word' id='word_1_219' title='bbox 582 3431 692 3495; x_wconf 86' lang='lat' dir='ltr'><strong>castris</strong></span> <span class='ocrx_word' id='word_1_220' title='bbox 712 3453 746 3495; x_wconf 90' lang='lat' dir='ltr'><strong>se</strong></span> <span class='ocrx_word' id='word_1_221' title='bbox 763 3447 910 3513; x_wconf 86' lang='lat' dir='ltr'><strong>tenente,</strong></span> <span class='ocrx_word' id='word_1_222' title='bbox 927 3447 1057 3519; x_wconf 89' lang='lat' dir='ltr'><strong>postero</strong></span> <span class='ocrx_word' id='word_1_223' title='bbox 1074 3428 1127 3493; x_wconf 89' lang='lat' dir='ltr'><strong>die</strong></span> <span class='ocrx_word' id='word_1_224' title='bbox 1142 3451 1201 3516; x_wconf 89' lang='lat' dir='ltr'><strong>per</strong></span> 
     </span>
     <span class='ocr_line' id='line_1_29' title="bbox 142 3531 1200 3621; baseline -0.002 -23"><span class='ocrx_word' id='word_1_225' title='bbox 142 3534 350 3598; x_wconf 87' lang='lat' dir='ltr'><strong>circumitum</strong></span> <span class='ocrx_word' id='word_1_226' title='bbox 368 3550 531 3621; x_wconf 88' lang='lat' dir='ltr'><strong>tectasque</strong></span> <span class='ocrx_word' id='word_1_227' title='bbox 549 3533 687 3596; x_wconf 84' lang='lat' dir='ltr'><strong>arbustis</strong></span> <span class='ocrx_word' id='word_1_228' title='bbox 703 3533 769 3597; x_wconf 85' lang='lat' dir='ltr'><strong>vias</strong></span> <span class='ocrx_word' id='word_1_229' title='bbox 786 3531 1024 3620; x_wconf 84' lang='lat' dir='ltr'><strong>Dyrrhachium</strong></span> <span class='ocrx_word' id='word_1_230' title='bbox 1039 3545 1200 3618; x_wconf 88' lang='lat' dir='ltr'><strong>properat.</strong></span> 
     </span>
     <span class='ocr_line' id='line_1_30' title="bbox 143 3631 1201 3723; baseline -0.004 -25"><span class='ocrx_word' id='word_1_231' title='bbox 143 3636 293 3700; x_wconf 82' lang='lat' dir='ltr'><strong>Recurrit</strong></span> <span class='ocrx_word' id='word_1_232' title='bbox 310 3634 424 3699; x_wconf 91' lang='lat' dir='ltr'><strong>eodem</strong></span> <span class='ocrx_word' id='word_1_233' title='bbox 443 3634 636 3723; x_wconf 89' lang='lat' dir='ltr'><strong>Pompeius;</strong></span> <span class='ocrx_word' id='word_1_234' title='bbox 653 3632 709 3697; x_wconf 88' lang='lat' dir='ltr'><strong>sed</strong></span> <span class='ocrx_word' id='word_1_235' title='bbox 724 3634 800 3721; x_wconf 84' lang='lat' dir='ltr'><strong>quia</strong></span> <span class='ocrx_word' id='word_1_236' title='bbox 815 3633 945 3698; x_wconf 81' lang='lat' dir='ltr'><strong>Ctesaris</strong></span> <span class='ocrx_word' id='word_1_237' title='bbox 959 3631 1130 3695; x_wconf 87' lang='lat' dir='ltr'><strong>consilium</strong></span> <span class='ocrx_word' id='word_1_238' title='bbox 1142 3631 1201 3695; x_wconf 90' lang='lat' dir='ltr'><strong>ali·</strong></span> 
     </span>
     <span class='ocr_line' id='line_1_31' title="bbox 144 3733 1202 3825; baseline -0.003 -26"><span class='ocrx_word' id='word_1_239' title='bbox 144 3753 268 3825; x_wconf 88' lang='lat' dir='ltr'><strong>quanto</strong></span> <span class='ocrx_word' id='word_1_240' title='bbox 283 3738 385 3802; x_wconf 86' lang='lat' dir='ltr'><strong>serius</strong></span> <span class='ocrx_word' id='word_1_241' title='bbox 406 3751 620 3825; x_wconf 84' lang='lat' dir='ltr'><strong>cognoverat,</strong></span> <span class='ocrx_word' id='word_1_242' title='bbox 636 3736 784 3799; x_wconf 80' lang='lat' dir='ltr'><strong>exclusus</strong></span> <span class='ocrx_word' id='word_1_243' title='bbox 804 3735 845 3800; x_wconf 90' lang='lat' dir='ltr'><strong>ab</strong></span> <span class='ocrx_word' id='word_1_244' title='bbox 861 3733 1001 3822; x_wconf 91' lang='lat' dir='ltr'><strong>oppido,</strong></span> <span class='ocrx_word' id='word_1_245' title='bbox 1017 3733 1202 3821; x_wconf 91' lang='lat' dir='ltr'><strong>propinquo</strong></span> 
     </span>
     <span class='ocr_line' id='line_1_32' title="bbox 143 3835 1201 3926; baseline -0.004 -24"><span class='ocrx_word' id='word_1_246' title='bbox 143 3839 225 3902; x_wconf 89' lang='lat' dir='ltr'><strong>colle</strong></span> <span class='ocrx_word' id='word_1_247' title='bbox 242 3838 391 3924; x_wconf 81' lang='lat' dir='ltr'><strong>(Petram</strong></span> <span class='ocrx_word' id='word_1_248' title='bbox 407 3838 565 3902; x_wconf 83' lang='lat' dir='ltr'><strong>vocabant</strong></span> <span class='ocrx_word' id='word_1_249' title='bbox 580 3836 817 3926; x_wconf 78' lang='lat' dir='ltr'><strong>Dyrrhachini)</strong></span> <span class='ocrx_word' id='word_1_250' title='bbox 831 3852 932 3900; x_wconf 87' lang='lat' dir='ltr'><strong>castra</strong></span> <span class='ocrx_word' id='word_1_251' title='bbox 946 3835 1064 3924; x_wconf 89' lang='lat' dir='ltr'><strong>posuit.</strong></span> <span class='ocrx_word' id='word_1_252' title='bbox 1083 3836 1201 3916; x_wconf 82' lang='lat' dir='ltr'><strong>Caesar,</strong></span> 
     </span>
     <span class='ocr_line' id='line_1_33' title="bbox 144 3935 1201 4029; baseline -0.003 -27"><span class='ocrx_word' id='word_1_253' title='bbox 144 3938 263 4004; x_wconf 85' lang='lat' dir='ltr'><strong>frustra</strong></span> <span class='ocrx_word' id='word_1_254' title='bbox 274 3941 511 4029; x_wconf 84' lang='lat' dir='ltr'><strong>expugnatione</strong></span> <span class='ocrx_word' id='word_1_255' title='bbox 522 3954 656 4019; x_wconf 84' lang='lat' dir='ltr'><strong>tentata,</strong></span> <span class='ocrx_word' id='word_1_256' title='bbox 668 3955 801 4027; x_wconf 85' lang='lat' dir='ltr'><strong>propter</strong></span> <span class='ocrx_word' id='word_1_257' title='bbox 811 3935 1091 4026; x_wconf 83' lang='lat' dir='ltr'><strong>inexpugnabilem</strong></span> <span class='ocrx_word' id='word_1_258' title='bbox 1103 3936 1201 4000; x_wconf 85' lang='lat' dir='ltr'><strong>situm</strong></span> 
     </span>
     <span class='ocr_line' id='line_1_34' title="bbox 145 4038 1202 4126; baseline -0.003 -24"><span class='ocrx_word' id='word_1_259' title='bbox 145 4038 227 4120; x_wconf 90' lang='lat' dir='ltr'><strong>loci,</strong></span> <span class='ocrx_word' id='word_1_260' title='bbox 249 4055 374 4104; x_wconf 88' lang='lat' dir='ltr'><strong>mature</strong></span> <span class='ocrx_word' id='word_1_261' title='bbox 395 4040 554 4104; x_wconf 84' lang='lat' dir='ltr'><strong>revocavit</strong></span> <span class='ocrx_word' id='word_1_262' title='bbox 573 4062 661 4104; x_wconf 89' lang='lat' dir='ltr'><strong>suos.</strong></span> <span class='ocrx_word' id='word_1_263' title='bbox 684 4040 815 4126; x_wconf 90' lang='lat' dir='ltr'><strong>Quippe</strong></span> <span class='ocrx_word' id='word_1_264' title='bbox 838 4038 1077 4125; x_wconf 83' lang='lat' dir='ltr'><strong>Dyrrhachium</strong></span> <span class='ocrx_word' id='word_1_265' title='bbox 1095 4038 1129 4100; x_wconf 92' lang='lat' dir='ltr'><strong>in</strong></span> <span class='ocrx_word' id='word_1_266' title='bbox 1146 4059 1202 4100; x_wconf 81' lang='lat' dir='ltr'><strong>ex·</strong></span> 
     </span>
     <span class='ocr_line' id='line_1_35' title="bbox 145 4135 1203 4229; baseline -0.007 -24"><span class='ocrx_word' id='word_1_267' title='bbox 145 4156 247 4209; x_wconf 86' lang='lat' dir='ltr'><strong>trema</strong></span> <span class='ocrx_word' id='word_1_268' title='bbox 267 4141 462 4206; x_wconf 75' lang='lat' dir='ltr'><strong>Macedonio</strong></span> <span class='ocrx_word' id='word_1_269' title='bbox 479 4165 559 4223; x_wconf 87' lang='lat' dir='ltr'><strong>ora,</strong></span> <span class='ocrx_word' id='word_1_270' title='bbox 580 4163 678 4229; x_wconf 90' lang='lat' dir='ltr'><strong>quam</strong></span> <span class='ocrx_word' id='word_1_271' title='bbox 701 4139 778 4204; x_wconf 92' lang='lat' dir='ltr'><strong>olim</strong></span> <span class='ocrx_word' id='word_1_272' title='bbox 801 4140 922 4229; x_wconf 85' lang='lat' dir='ltr'><strong>illyrica</strong></span> <span class='ocrx_word' id='word_1_273' title='bbox 943 4140 1031 4204; x_wconf 85' lang='lat' dir='ltr'><strong>natio</strong></span> <span class='ocrx_word' id='word_1_274' title='bbox 1055 4135 1203 4203; x_wconf 90' lang='lat' dir='ltr'><strong>Parthini</strong></span> 
     </span>
     <span class='ocr_line' id='line_1_36' title="bbox 145 4239 1256 4332; baseline -0.005 -27"><span class='ocrx_word' id='word_1_275' title='bbox 145 4256 339 4323; x_wconf 87' lang='lat' dir='ltr'><strong>tenuerunt,</strong></span> <span class='ocrx_word' id='word_1_276' title='bbox 359 4256 473 4330; x_wconf 85' lang='lat' dir='ltr'><strong>praeter</strong></span> <span class='ocrx_word' id='word_1_277' title='bbox 489 4242 641 4332; x_wconf 84' lang='lat' dir='ltr'><strong>exiguum</strong></span> <span class='ocrx_word' id='word_1_278' title='bbox 656 4241 770 4306; x_wconf 90' lang='lat' dir='ltr'><strong>collem</strong></span> <span class='ocrx_word' id='word_1_279' title='bbox 787 4241 932 4331; x_wconf 89' lang='lat' dir='ltr'><strong>undique</strong></span> <span class='ocrx_word' id='word_1_280' title='bbox 947 4240 1028 4305; x_wconf 87' lang='lat' dir='ltr'><strong>mari</strong></span> <span class='ocrx_word' id='word_1_281' title='bbox 1042 4239 1203 4327; x_wconf 88' lang='lat' dir='ltr'><strong>cingitur,</strong></span> <span class='ocrx_word' id='word_1_282' title='bbox 1252 4241 1256 4251; x_wconf 86' lang='grc'><em>“</em></span> 
     </span>
    </p>
   </div>
   <div class='ocr_carea' id='block_1_5' title="bbox 183 4424 1202 4617">
    <p class='ocr_par' dir='ltr' id='par_1_9' title="bbox 183 4424 1202 4617">
     <span class='ocr_line' id='line_1_37' title="bbox 183 4424 1202 4494; baseline -0.004 -14"><span class='ocrx_word' id='word_1_283' title='bbox 183 4428 200 4493; x_wconf 70' lang='lat' dir='ltr'><strong>s</strong></span> <span class='ocrx_word' id='word_1_284' title='bbox 211 4431 309 4480; x_wconf 77' lang='lat'><strong>1111.</strong></span> <span class='ocrx_word' id='word_1_285' title='bbox 323 4429 421 4479; x_wconf 80' lang='lat' dir='ltr'><strong>Plotio</strong></span> <span class='ocrx_word' id='word_1_286' title='bbox 432 4432 527 4480; x_wconf 75' lang='lat' dir='ltr'><strong>hoton.</strong></span> <span class='ocrx_word' id='word_1_287' title='bbox 538 4456 573 4468; x_wconf 95' lang='lat'>-</span> <span class='ocrx_word' id='word_1_288' title='bbox 581 4428 642 4480; x_wconf 67' lang='lat' dir='ltr'><strong>css.</strong></span> <span class='ocrx_word' id='word_1_289' title='bbox 651 4426 710 4494; x_wconf 74' lang='grc' dir='ltr'><strong>-ς</strong></span> <span class='ocrx_word' id='word_1_290' title='bbox 721 4429 806 4479; x_wconf 67' lang='lat' dir='ltr'><strong>ms</strong></span> <span class='ocrx_word' id='word_1_291' title='bbox 819 4428 884 4478; x_wconf 77' lang='lat' dir='ltr'><strong>Plus.</strong></span> <span class='ocrx_word' id='word_1_292' title='bbox 893 4428 920 4479; x_wconf 82' lang='lat' dir='ltr'><strong>iu</strong></span> <span class='ocrx_word' id='word_1_293' title='bbox 928 4426 980 4479; x_wconf 79' lang='lat' dir='ltr'><strong>Cio.</strong></span> <span class='ocrx_word' id='word_1_294' title='bbox 990 4453 1025 4466; x_wconf 95' lang='lat'>-</span> <span class='ocrx_word' id='word_1_295' title='bbox 1033 4425 1133 4476; x_wconf 68' lang='lat' dir='ltr'><strong>uta-</strong></span> <span class='ocrx_word' id='word_1_296' title='bbox 1142 4424 1202 4477; x_wconf 69' lang='lat' dir='ltr'><strong>Cu.</strong></span> 
     </span>
     <span class='ocr_line' id='line_1_38' title="bbox 570 4554 585 4617; baseline 0 0"><span class='ocrx_word' id='word_1_297' title='bbox 570 4554 585 4617; x_wconf 83' lang='lat' dir='ltr'><strong>t</strong></span> 
     </span>
    </p>
   </div>
   <div class='ocr_carea' id='block_1_6' title="bbox 0 0 1357 5018">
    <p class='ocr_par' dir='ltr' id='par_1_10' title="bbox 0 0 1357 5018">
     <span class='ocr_line' id='line_1_39' title="bbox 0 0 1357 5018; baseline 0 0"><span class='ocrx_word' id='word_1_298' title='bbox 0 0 1357 5018; x_wconf 95' lang='lat' dir='ltr'><strong> </strong></span> 
     </span>
    </p>
   </div>
  </div>
 </body>
</html>
