2670 5018
738 420 748 435 a

684 439 732 465 aad

569 540 584 565 ι
593 504 658 553 ‘⁴⁸¹'

267 803 319 872 nt
352 802 461 869 Luc.
488 803 580 869 mn.
607 804 732 871 xmv
764 802 975 873 mvmnr.
1084 807 1151 903 275

138 922 242 984 XXV.
253 924 349 985 Auno
365 923 512 1008 sequenti
524 923 569 986 M.
578 924 748 986 Terentius
765 922 810 986 Μ.
825 924 859 988 F.
870 924 971 988 Varro
983 925 1152 1012 Lucullus,

92 1028 128 1088 C.
137 1025 265 1087 Cassius
274 1025 393 1104 Varus,
404 1025 551 1087 consules
563 1024 653 1104 facti,
665 1024 767 1111 legem
776 1024 958 1097 Terentiam
972 1042 1004 1090 et
1013 1030 1151 1093 Cassiam

94 1125 335 1188 frumentariam
354 1125 517 1205 tulerunt,
534 1139 571 1187 ut
584 1146 722 1187 annonae
734 1122 830 1186 Urbis
849 1125 1081 1192 consuleretur.
1102 1130 1154 1191 Pi-

92 1227 168 1290 ratis
186 1226 273 1289 enim
291 1226 388 1288 maria
405 1225 461 1287 diu
475 1223 715 1306 infestantibus,
733 1223 861 1288 sublato
878 1226 1003 1314 generis
1020 1228 1153 1293 humani

93 1327 306 1406 commercio,
328 1348 394 1388 non
417 1324 515 1388 modo
535 1325 749 1413 negotiatores
771 1325 919 1414 navigare
934 1327 1153 1414 prohibeban-

94 1445 167 1508 tur,
185 1425 242 1491 sed
255 1451 297 1490 ne
310 1427 462 1491 classibus
477 1426 609 1513 quidem
620 1426 761 1489 romanis
774 1442 863 1490 tutus
877 1450 990 1492 cursus
1004 1447 1081 1494 erat.
1093 1431 1154 1519 lgi-

94 1546 147 1593 tur
163 1529 254 1617 plebs
279 1528 414 1615 penuria
431 1545 670 1590 commeatuum
692 1549 773 1616 saepe
797 1526 1072 1612 tumultuabatur,
1097 1554 1155 1595 cu·

94 1654 227 1718 ramque
244 1631 375 1694 Patrum
392 1629 598 1711 intendebat,
617 1645 655 1691 ut
666 1629 774 1692 omnia
790 1628 1002 1716 expediundac
1017 1654 1153 1696 annonae

94 1733 235 1797 remedia
257 1748 428 1796 tentarent.
452 1733 554 1820 Igitur
573 1731 608 1795 L.
624 1730 775 1810 Octavio,
794 1732 830 1795 C.
848 1732 949 1794 Cottae
966 1735 1153 1797 consulibus

95 1834 239 1920 permisit
256 1849 402 1912 senatus,
420 1849 457 1895 ut
470 1832 537 1894 vini
550 1848 583 1895 et
595 1830 658 1895 olei
673 1830 840 1912 decumas,
857 1848 889 1894 et
903 1834 1034 1921 frugum
1051 1835 1154 1898 minu-

95 1949 220 2015 tarum,
241 1956 319 2020 quas
344 1948 517 2018 quaestores
543 1932 576 1993 in
601 1931 705 1994 Sicilia
730 1932 870 1995 vendere
893 1936 1153 2019 consuevissent,

94 2034 205 2097 Romae
215 2033 406 2114 venderent,
417 2049 449 2096 et
463 2055 539 2097 mox
550 2033 591 2113 Q.
602 2032 793 2095 Hortensius
807 2033 840 2095 in
856 2032 1020 2117 aediliute,
1035 2039 1156 2124 sesqui·

96 2133 211 2198 modiis
223 2135 255 2197 in
272 2135 372 2221 capita
391 2133 515 2214 divisis,
533 2156 680 2221 magnam
697 2157 715 2195 a
731 2134 853 2221 populo
871 2158 1005 2200 romano
1020 2140 1153 2226 gratiam

94 2235 208 2316 inirit;
232 2236 306 2322 quia
323 2236 435 2298 caritas
455 2257 594 2298 annonae
612 2233 765 2313 faciebat,
784 2250 836 2313 ut,
855 2235 944 2320 quod
966 2259 1001 2300 re
1019 2260 1153 2325 parvum

94 2352 178 2417 erat,
196 2353 342 2423 ternpore
360 2358 514 2424 magnum
531 2333 705 2397 videretur.

137 2437 257 2501 xxvl.
276 2436 400 2500 Deinde
419 2439 464 2500 M.
479 2437 605 2498 Tullius
622 2435 736 2498 Cicero
757 2450 896 2520 quaestor
918 2436 1071 2500 frumenti
1089 2460 1156 2501 ma·

95 2539 218 2600 ximum
236 2559 409 2600 numerum
425 2560 463 2599 cx
485 2536 589 2600 Sicilia
605 2536 702 2598 misit.
722 2536 803 2615 Quae
821 2533 929 2597 omnia
946 2559 1048 2622 quum
1067 2553 1154 2603 tanta

94 2638 206 2726 populi
228 2636 406 2700 multitudo
429 2636 520 2699 facilc
544 2634 779 2715 absorbuisset,
804 2658 864 2698 nec
887 2635 960 2700 ideo
984 2637 1155 2704 difficultas

93 2760 233 2801 annonae
253 2753 410 2816 cessaret,
428 2738 577 2800 consules
591 2760 629 2799 cx
644 2737 925 2800 senatusconsulto
939 2739 1100 2822 tulerunt,
1119 2759 1155 2806 ut

94 2841 297 2902 frumentum
319 2863 337 2901 a
362 2839 475 2902 Siciliae
499 2838 679 2901 civitatibus
705 2854 896 2901 emeretur:
918 2838 958 2902 ad
980 2840 1064 2904 hanc
1088 2845 1155 2905 fru-

95 2941 196 3004 menti
210 2941 410 3028 emptionem
427 2964 465 3003 cx
479 2939 567 3026 inopi
584 2954 680 3026 atque
694 2940 850 3003 exhausto
863 2941 974 3005 aerario
991 2965 1050 3027 per
1062 2945 1156 3007 trien·

96 3042 186 3111 nium
203 3063 307 3129 prope
323 3041 442 3103 centies
461 3057 493 3103 et
512 3040 608 3103 vicies
626 3057 793 3129 erogatum
813 3056 870 3102 est.
891 3041 931 3102 At
945 3040 1013 3103 haec
1030 3043 1155 3106 modica

96 3144 130 3205 in
143 3164 283 3231 praesens
300 3141 416 3204 auxilia
430 3140 616 3204 solabantur
629 3142 754 3228 potius,
773 3162 869 3227 quam
890 3140 1044 3204 tollebant
1057 3165 1159 3227 penu·

97 3245 194 3328 riam3
217 3265 324 3330 neque
340 3258 432 3305 antea
447 3241 571 3304 reddita
591 3241 671 3305 Urbi
692 3241 785 3304 solita
805 3240 896 3326 copia
915 3257 1156 3304 commeatuum

97 3362 160 3430 est,
176 3368 275 3434 quam
293 3346 354 3408 Cn.
366 3344 509 3431 Pompeii
525 3343 644 3406 virtute
658 3343 768 3429 piratae
784 3356 854 3404 toto
867 3340 946 3403 meri
960 3359 1155 3406 arcerentur.

131 3522 243 3587 §XXV
257 3525 289 3571 U.
299 3524 328 3571 C.
337 3522 403 3584 679;
417 3522 484 3569 ΜΣ.
495 3522 535 3580 73.
550 3548 584 3556 -
600 3521 669 3583 Pigb.
678 3523 745 3567 Anu.
756 3519 816 3566 680.
829 3544 864 3553 -
878 3519 932 3567 Cic.
948 3519 974 3564 in
986 3520 1056 3566 Verr.
1067 3521 1117 3576 Ill,
1133 3538 1157 3581 7,

100 3620 131 3664 70
140 3617 164 3653 ct
176 3620 226 3668 923
240 3604 310 3652 idern*
318 3620 364 3668 pro
380 3605 432 3667 lege
446 3603 532 3651 Manil.
545 3619 599 3668 cap.
614 3618 658 3662 12,
669 3614 694 3650 et
706 3619 753 3668 pro
766 3601 849 3650 Pbtnc.
864 3617 917 3666 cap.
932 3602 974 3649 26.
985 3629 1019 3638 -
1031 3602 1095 3650 Flor.
1105 3605 1157 3662 111,

98 3688 123 3733 ⁶.
141 3714 175 3724 -
188 3687 288 3736 Sallust.
308 3715 342 3723 —
362 3686 482 3734 Plutarch.
501 3713 536 3722 —
555 3684 572 3749 s
589 3687 685 3735 XXVI.
698 3687 750 3735 Cic.
766 3686 792 3731 in
806 3685 876 3733 verr.
887 3685 939 3740 ΙΙΙ,
957 3701 998 3745 70.
