2670 5018
315 791 366 859 IN
396 792 508 859 LOC.
536 793 630 860 LIB.
657 793 758 863 CXV
787 794 1002 864 LIVIANI.
1117 796 1186 867 283

124 952 129 967 ι
172 912 276 975 xvlt.
295 911 339 973 Ea
353 934 402 974 res
418 912 514 975 etiam
529 913 668 977 Nicaeam
683 912 814 977 tradidit
830 916 999 997 Romanis,
1013 917 1187 1007 diffugien-

131 1015 216 1078 tibus
233 1028 334 1076 noctu
353 1012 393 1076 ad
412 1013 650 1096 Mithridatem,
667 1015 725 1101 qui
741 1015 869 1078 tuendae
884 1017 1013 1079 fuerant
1027 1017 1186 1106 impositi,

129 1116 217 1203 quod
230 1116 356 1179 animos
370 1115 585 1178 Nicaeensium
607 1116 647 1180 ad
666 1139 832 1179 romanam
845 1117 1017 1180 amicitiam
1033 1118 1187 1183 inclinare

130 1219 313 1282 sensissent.
327 1221 369 1280 At
383 1240 460 1279 vero
478 1218 648 1298 Lucullus,
668 1218 723 1305 qui
739 1217 780 1280 ab
797 1217 1006 1305 Hellesponto
1025 1218 1185 1282 Troadem

130 1321 276 1408 petierat,
291 1342 394 1406 quum
409 1320 442 1381 in
460 1319 678 1383 fanoVeneris
693 1334 927 1406 pernoctasset,
940 1319 1047 1383 vocari
1058 1319 1186 1382 seadea

130 1422 169 1486 ad
190 1423 395 1486 oberrantem
420 1421 453 1482 in
476 1421 625 1506 proximo
647 1420 787 1507 praedam
808 1420 979 1484 somniavit
992 1443 999 1484 :
1014 1420 1187 1505 statimque

129 1524 221 1602 jussis
240 1521 412 1586 convocari
431 1521 562 1602 amicis,
581 1522 756 1610 graecisque
773 1521 962 1602 comitibus,
980 1521 1075 1584 aNon
1094 1521 1186 1607 potui

133 1625 301 1704 «differre,
317 1623 440 1710 inquit,
456 1623 535 1710 quin
549 1623 697 1710 protinus
713 1646 872 1712 exponam
884 1623 991 1703 vobis,
1005 1621 1096 1710 quod
1107 1622 1187 1684 mihi

133 1726 255 1788 «visum
267 1724 401 1787 obvenit
414 1724 446 1786 in
460 1724 580 1811 templo
591 1755 613 1788 υ.
629 1724 764 1787 Somnio
774 1723 893 1787 deinde
906 1739 1051 1804 narrat0,
1064 1753 1077 1778 α
1086 1723 1187 1801 Talis,

132 1829 300 1914 ·inquam,
322 1848 380 1913 per
398 1825 539 1912 quietem
554 1825 721 1888 obversata
739 1825 819 1889 mihi
839 1825 960 1912 species
982 1840 1045 1905 est,
1068 1822 1187 1886 sedita

132 1950 298 2016 «expressa
312 1942 345 1990 et
357 1927 445 1989 velut
457 1925 567 1989 solidae
583 1926 896 2014 comprehensionis,
914 1941 952 1988 ut
962 1925 1021 1987 ista
1033 1924 1141 1987 videre
1151 1945 1189 1986 ao

133 2029 282 2106 «audire,
300 2027 375 2090 totis
394 2026 558 2108 sensibus,
579 2048 646 2089 non
661 2043 768 2089 autem
787 2048 844 2112 per
860 2027 970 2089 inanes
984 2027 1091 2089 somni
1106 2024 1188 2113 figu-

133 2151 203 2192 «ras
218 2128 401 2217 imaginari,
421 2127 597 2190 crederem.
1139 2133 1142 2137 ’

173 2231 292 2295 XVIII.
309 2231 414 2292 «Sane
426 2230 491 2308 jam
507 2228 584 2291 olim
602 2228 734 2314 saepius,
751 2225 808 2290 sed
824 2229 978 2308 maxime,
994 2249 1096 2314 quum
1110 2249 1188 2314 pro·

132 2346 310 2418 «quaestore
320 2329 435 2392 missus
447 2353 464 2392 a
475 2330 562 2393 Sulla
573 2327 614 2391 ad
623 2328 832 2391 Ptolemaeum
842 2328 1038 2392 Alexandriae
1049 2350 1187 2415 agerem,

134 2431 192 2495 «de
212 2432 366 2495 omnibus
384 2430 544 2509 ejusmodi
566 2430 662 2495 rebus
685 2429 854 2518 diligenter
869 2428 976 2492 audivi
995 2429 1187 2492 disserentes

133 2532 353 2597 «doctissimos
365 2533 469 2596 viros:
481 2548 549 2595 erat
563 2533 649 2596 enim
665 2547 735 2594 tum
750 2531 846 2594 etiam
861 2531 914 2594 hic
925 2530 1104 2594 Antiochus
1121 2552 1188 2594 me·

133 2658 243 2715 «cum,
262 2651 294 2698 et
311 2651 405 2697 antea
422 2634 487 2712 jam
507 2635 686 2697 Heraclitus
705 2633 822 2721 Tyrius
839 2632 953 2721 agebat
972 2631 1187 2712 Alexandriae,

134 2736 253 2822 «quiet
271 2734 473 2798 Clitomacho
491 2736 601 2798 multis
620 2736 729 2815 annis,
747 2750 779 2797 et
797 2734 926 2797 Philoni
942 2756 1073 2821 operam
1088 2732 1188 2797 ‹lede-

133 2852 208 2900 «ται,
221 2834 284 2899 Sed
300 2837 343 2898 ita
359 2835 439 2897 mihi
452 2835 521 2897 haec
539 2837 703 2911 intricata,
720 2853 752 2899 et
765 2836 805 2899 ab
821 2835 963 2898 hominis
979 2851 1065 2899 certa
1076 2834 1188 2922 cogni·

135 2938 239 3000 stione
263 2952 385 3000 remota
401 2936 611 3015 videbantur,
633 2953 669 3001 ut
685 2939 770 3001 inter
786 2937 1020 3023 disputationes
1041 2935 1187 2999 erudito·

136 3060 242 3119 mum,
263 3037 297 3100 id
318 3060 445 3124 semper
468 3037 633 3124 probabile
654 3039 838 3117 videretur,
864 3037 954 3124 quod
975 3059 994 3100 a
1012 3036 1188 3101 disserente

136 3137 384 3203 ·defendebatur
399 3161 407 3201 ι
425 3160 500 3200 nam
517 3138 611 3201 etiam
629 3139 686 3226 qui
707 3138 832 3202 decreta
857 3160 914 3201 sua
935 3160 1049 3225 parum
1070 3135 1189 3200 confir-

135 3257 291 3319 ·mareut,
305 3239 497 3327 plerumque
509 3241 701 3303 sententiam
713 3239 969 3303 adversariorum
981 3236 1069 3301 haud
1080 3239 1189 3325 inepte

136 3339 348 3404 «refellebant.

173 3441 261 3505 xlx.
278 3440 405 3529 «Igitur
422 3463 462 3503 eo
480 3441 690 3519 inclinabam,
708 3457 746 3504 ut
764 3442 920 3504 incertam
943 3440 1092 3529 omnium
1116 3441 1188 3525 opi·

135 3541 301 3621 «aionem,
318 3565 424 3628 neque
440 3540 576 3606 firmiter
591 3542 824 3630 comprehendi
840 3565 935 3630 posse
949 3541 1127 3629 quidquam
1142 3562 1188 3602 ar·

135 3642 295 3707 «bitrarer.
315 3642 378 3706 Sed
394 3666 497 3707 unum
516 3644 640 3730 ubique
656 3645 847 3707 occurrebat
862 3641 1086 3731 irrefragabilis
1102 3641 1187 3704 veri·

136 3744 225 3807 datis
239 3759 488 3833 argumentum,
510 3760 562 3824 ut,
586 3745 613 3807 si
637 3744 853 3809 dubitandum
877 3766 946 3807 esse
972 3743 1013 3806 de
1036 3743 1188 3806 omnibus

136 3860 316 3932 «putarem,
339 3845 372 3908 id
396 3862 504 3909 tamen
527 3845 609 3909 scire
631 3844 775 3924 viderer,
797 3866 865 3908 esse
888 3844 1002 3931 utique
1026 3842 1067 3906 de
1090 3843 1188 3907 rebus

136 3943 388 4009 «dubitationem
399 3993 408 4024 ,
418 3963 450 4010 et
464 3968 515 4008 me
529 3968 615 4028 esse,
635 3947 692 4032 qui
708 3945 898 4008 dubitarem.
914 3944 963 4008 Ab
977 3944 1041 4007 hoc
1054 3945 1189 4008 minime

136 4046 294 4111 ·obscuro
307 4063 363 4109 ant
380 4047 480 4109 fallaci
498 4046 598 4133 gradu
613 4048 720 4110 statim
742 4069 782 4111 eo
800 4044 1050 4125 adscendebam,
1067 4061 1104 4109 ut
1119 4046 1190 4110 sine

135 4148 217 4211 «ulla
235 4146 444 4210 fluctuatione
461 4147 790 4234 comprehenderem,
804 4168 873 4211 esse
890 4147 1029 4235 aliquam
1046 4147 1188 4210 humana

136 4247 353 4334 ·superi0re1n
377 4264 545 4327 naturam,
565 4247 697 4335 quando
723 4271 782 4313 nec
801 4249 870 4337 ipse
892 4271 945 4313 me
965 4248 1131 4327 fecissem,
1155 4237 1189 4309 et

166 4451 182 4515 5
195 4453 278 4499 svn.
287 4451 365 4499 strab.
379 4452 421 4499 lib.
438 4454 501 4505 llll,
516 4467 571 4515 pag.
583 4451 641 4506 564.
653 4479 687 4487 --
701 4455 809 4518 Appian.
822 4482 856 4492 —
868 4456 994 4503 Memnon.
1013 4479 1047 4489 -
1066 4450 1187 4504 Plutarch.

133 4560 166 4573 ·-
183 4534 310 4599 smil.
322 4536 374 4584 cic.
386 4537 463 4585 Aead.
477 4538 571 4599 Qumt.
585 4537 629 4592 tv,
641 4551 655 4582 a
669 4546 693 4583 et
707 4543 732 4593 4.
