2670 5018
241 779 284 825 ιο
406 756 477 829 JO.
504 758 855 831 FREINSHEMII
884 763 1131 834 SUPPLEM.

233 877 268 939 in
286 877 381 956 justoe
396 899 514 969 pugnoe
531 878 666 962 faciem,
687 897 759 945 tum
777 882 922 970 primum
944 899 1020 970 post
1039 884 1174 949 Romam
1194 886 1309 951 otindi-

234 993 300 1041 tam
316 994 402 1043 mter
419 1002 503 1043 cives
518 998 779 1048 concurreretur.

277 1083 399 1147 XXIV.
414 1083 454 1147 ln
467 1084 532 1148 hoc
543 1085 655 1174 praelio
667 1109 771 1176 quum
783 1088 934 1152 Sullanos
946 1110 1014 1155 non
1024 1091 1196 1178 oppositus
1208 1090 1309 1153 modo

234 1183 357 1268 hostis,
372 1184 433 1250 sed
450 1184 593 1275 desuper
610 1210 629 1252 e
646 1189 738 1253 tectis
755 1191 933 1270 jaculantes
953 1191 1194 1278 patresfamilias
1211 1214 1308 1279 urge·

233 1301 323 1367 rent,
347 1288 463 1353 consul
483 1288 571 1378 ipse,
590 1305 741 1379 correpto
759 1291 874 1382 signo,
896 1291 930 1355 in
951 1291 1090 1380 primam
1107 1293 1208 1357 aciem
1229 1314 1308 1379 pro·

232 1388 354 1470 currit,
376 1388 556 1479 fugamque
577 1391 691 1457 militis
710 1393 868 1482 religione
894 1392 1064 1483 signorum
1085 1409 1119 1457 et
1141 1394 1309 1482 praesentia

232 1488 324 1555 ducis
340 1492 494 1557 cohibet:
510 1492 608 1558 simul
621 1492 661 1559 ad
678 1496 789 1560 omnia
807 1496 1003 1585 respiciens,
1020 1496 1128 1559 vocari
1142 1519 1182 1559 ex
1199 1497 1308 1561 subsi-

231 1591 293 1657 diis
303 1594 485 1683 legionem,
501 1612 535 1661 et
547 1595 672 1661 interca
684 1595 827 1662 delectos
839 1620 879 1663 er
890 1597 1123 1687 presentibus,
1136 1598 1308 1663 circumire

229 1695 419 1761 Suburrana
430 1698 499 1781 via,
517 1714 551 1763 et
562 1722 583 1762 a
594 1716 687 1788 tergo
700 1698 869 1765 includere
881 1698 991 1764 hostes
1003 1698 1115 1778 jubet:
1132 1699 1218 1788 ipse,
1233 1722 1307 1764 eor·

230 1813 321 1886 repta
338 1798 425 1881 face,
440 1815 555 1864 contra
571 1822 648 1881 eos,
665 1801 723 1888 qui
744 1800 785 1865 de
804 1801 898 1865 tectis
915 1822 990 1865 saxa
1008 1815 1106 1888 atque
1122 1801 1246 1890 tegulas
1262 1800 1308 1879 ja·

229 1899 377 1983 ciebant,
394 1899 491 1964 subdi
513 1899 656 1967 aediliciis
680 1902 788 1992 ignem
804 1903 962 1991 imperat,
982 1901 1230 1991 sagittariosque
1246 1902 1306 1965 tela

230 2001 333 2092 ignita
351 2002 538 2069 immittere.

273 2106 378 2170 XXV.
395 2107 444 2169 lta
457 2104 608 2171 detrusus
628 2105 670 2171 ad
688 2105 791 2171 aedem
805 2107 944 2172 Telluris
961 2106 1103 2184 Marius,
1122 2106 1250 2196 plebem
1267 2130 1308 2170 ex

227 2205 404 2289 domibus,
421 2208 566 2295 itemque
582 2208 713 2272 servitia
729 2207 771 2273 ad
791 2208 916 2297 pileum
935 2218 1039 2274 vocat.
1063 2208 1127 2273 Sed
1143 2209 1308 2296 potentior

229 2311 395 2396 promissis
409 2327 518 2375 metus
532 2311 617 2376 fuit:
634 2326 700 2374 tres
714 2310 947 2376 tantummodo
960 2326 1106 2400 repertos
1123 2310 1232 2391 aiunt,
1249 2311 1307 2397 qui

227 2411 452 2477 ‹mnditionem
470 2414 664 2502 acciperent.
688 2413 775 2478 Sulla
797 2436 856 2502 per
878 2415 1007 2478 Sacram
1025 2415 1110 2478 viam
1128 2414 1162 2475 in
1177 2413 1306 2501 Capito-

228 2513 310 2578 lium
332 2537 492 2603 pergens,
514 2538 581 2603 quo
605 2537 640 2579 se
666 2515 789 2580 illarius
812 2539 889 2580 cum
909 2516 976 2580 suis
1000 2531 1183 2604 receperat,
1202 2537 1307 2601 quum

229 2613 346 2679 milites
363 2614 524 2703 quosdam
540 2639 618 2681 suos
634 2615 730 2680 obvia
750 2615 891 2705 diripere
909 2615 1058 2698 vidisset,
1077 2615 1230 2680 eumdem
1249 2615 1307 2679 de·

229 2715 297 2780 licti
321 2718 537 2806 suppliciique
558 2721 669 2784 locum
693 2742 764 2784 esse
779 2719 903 2799 voluit,
920 2740 1030 2782 coram
1046 2718 1154 2782 statim
1173 2717 1206 2779 in
1228 2739 1307 2781 con-

227 2833 342 2907 spectu
358 2820 510 2885 omnium
527 2822 670 2910 punitis:
688 2822 730 2885 ab
749 2820 861 2886 eadem
881 2818 1056 2900 modestia,
1069 2817 1203 2899 dejectis
1219 2840 1237 2881 a
1251 2820 1309 2882 Ca·

228 2921 342 3009 pitolio
358 2945 434 2987 cunr
452 2923 539 2988 caede
553 2926 734 2989 multorum
749 2923 907 3004 inimicis,
930 2920 1094 2985 custodias
1114 2943 1172 3008 per
1191 2942 1306 2983 onmes·

227 3022 377 3111 regiones
391 3027 482 3090 urbis
501 3028 631 3115 posuit3
653 3043 787 3113 totaque
807 3041 903 3089 nocte
923 3045 999 3088 cum
1013 3024 1137 3111 collega
1153 3022 1306 3110 pervigil,

226 3123 330 3189 obivit
344 3128 473 3210 omnia,
493 3151 535 3192 ne
557 3127 671 3216 quida
692 3126 869 3192 victoribus
892 3148 951 3215 per
972 3124 1179 3189 insolentiam
1198 3123 1232 3186 in
1251 3147 1306 3186 ur·

227 3225 330 3292 banos
354 3231 624 3297 committeretur.
650 3230 730 3293 Orta
755 3228 891 3292 demum
915 3227 1010 3306 luce,
1032 3241 1148 3289 vocato
1168 3225 1201 3287 in
1224 3248 1305 3288 con·

225 3326 355 3392 ciouem
378 3332 521 3419 populo,
542 3345 682 3419 temporo
708 3327 887 3416 republicae
913 3327 1105 3415 deplorant,
1137 3327 1306 3391 tribunitio

226 3443 321 3493 neruo
338 3431 387 3495 ad
398 3430 481 3494 talia
489 3434 672 3521 pmips'n'a
686 3428 881 3519 compulsae:
899 3428 960 3491 bac
979 3431 1160 3492 necessitate
1179 3445 1305 3493 coactos

224 3531 273 3595 cd
287 3533 420 3596 consiliu
433 3537 626 3612 necessaria,
641 3536 744 3618 mgis
760 3554 859 3620 qnam
874 3530 1037 3619 optanda,
1061 3531 1262 3594 descendisse.

270 3632 393 3699 XXVI.
418 3632 641 3699 devocandum
663 3636 769 3721 caque
795 3633 952 3721 mcp'orum
976 3655 1116 3712 ctorem,
1144 3656 1208 3721 quo
1225 3632 1305 3696 obti-

226 3750 317 3800 nente
326 3735 410 3800 nihil
420 3735 487 3801 tale
502 3735 686 3814 cecidissem
698 3757 798 3822 neque
813 3734 854 3797 de
867 3757 900 3796 ne
913 3732 1053 3821 qualibet
1063 3745 1175 3822 postea
1192 3734 1305 3820 adpo-

219 3836 336 3925 padum
336 3836 430 3925 ferri
442 3852 599 3925 oportere,
619 3837 682 3901 nisi
702 3836 742 3899 de
762 3860 802 3899 ea
822 3835 1032 3900 deliberatum
1048 3850 1124 3900 ante
1143 3838 1177 3897 in
1194 3851 1305 3900 sectatu

214 3935 318 4025 fluet.
337 3939 520 4004 Centmmta
537 3961 661 4027 quoqne
677 3941 805 4003 comitia
825 3961 868 4001 ex
884 3938 951 4025 lege
963 3936 1064 4002 Servii
1075 3939 1158 4023 regis
1166 3985 1176 4016 ,
1191 3961 1256 4000 non
1271 3954 1306 4002 et

217 4054 333 4128 postea
348 4043 568 4120 assuevissent,
587 4040 705 4104 tributa
719 4040 844 4118 liaberi,
866 4039 1035 4103 consulem
1051 4061 1122 4102 esse.
1143 4040 1219 4102 ll'on
1230 4040 1305 4101 aliis

224 4144 398 4207 metentes
411 4144 522 4207 reduci
535 4143 648 4207 civim
664 4141 882 4220 concordien,
904 4139 1078 4228 etpublicoe
1088 4141 1137 4220 rei
1148 4140 1304 4227 trtrttqnt'l·

224 4241 347 4308 litatem
355 4270 464 4333 posse,
482 4247 623 4335 quamsi
639 4268 660 4306 a
680 4248 853 4309 temeritate
867 4243 1022 4332 populor·
1032 4244 1080 4306 (nl
1091 4246 1303 4307 meraritarum

261 4454 278 4519 S
297 4457 380 4504 m.
399 4458 462 4507 Flet.
476 4486 509 4496 -
522 4458 574 4506 Vel.
589 4458 657 4506 Max.
667 4457 745 4514 vlu,
760 4457 784 4503 6.
800 4484 835 4495 --
849 4456 972 4504 Plutarch.
986 4456 1011 4503 ia
1026 4456 1119 4503 Mario.
1135 4471 1188 4517 cap.
1205 4452 1245 4498 58.
1266 4480 1301 4487 -

9 4550 17 4567 ¹
225 4539 294 4586 (kris.
308 4539 339 4587 V.
360 4557 389 4600 iq

9 4578 218 4742 ἢ
