2670 5018
1075 495 1080 502 ι

237 787 292 856 IN
322 787 430 856 LOC.
456 787 549 856 LIB.
575 788 775 857 LXXXIX
805 791 1018 864 LIVIANI.
1087 819 1151 865 atr

98 905 158 969 bus
173 905 342 996 adspicere
360 907 569 990 morientem,
584 925 641 973 aut
660 911 775 974 funere
790 911 891 998 pollui
912 912 1046 979 domum
1065 938 1156 982 suaun

98 1007 180 1071 ferre
196 1031 266 1072 non
284 1024 402 1103 posset.

139 1109 243 1176 XLII.
262 1110 338 1175 Non
354 1128 461 1176 tamen
479 1112 525 1177 sic
539 1113 695 1177 abstinuit
714 1138 732 1178 a
749 1114 932 1203 republica,
949 1133 988 1181 ut
1002 1119 1092 1184 nullo
1108 1144 1160 1184 eo-

98 1233 190 1293 rum,
208 1235 282 1299 quae
297 1210 431 1294 fierent,
449 1237 547 1278 sensu
562 1213 751 1297 afficeretur.
768 1217 872 1305 Igitur
885 1218 1024 1284 comitiis
1040 1244 1158 1285 consu·

99 1312 238 1395 laribus,
256 1334 359 1402 quum
370 1330 488 1401 praeter
503 1338 594 1379 suam
608 1316 799 1381 sententiam
816 1318 983 1409 designato
999 1318 1043 1384 It
1058 1307 1161 1387 AEmi-

98 1415 140 1478 lio
165 1414 310 1502 Lepido,
328 1415 523 1504 Pompeius,
543 1417 635 1497 cujus
658 1416 772 1481 studiis
794 1421 935 1506 perfecta
959 1442 1009 1483 res
1033 1420 1159 1497 luerat,

99 1517 188 1580 letus
207 1515 331 1599 abiret3
350 1518 477 1582 vocavit
493 1542 567 1583 eum
585 1519 674 1584 adse
693 1520 794 1600 Sulla,
810 1519 974 1608 dixitque,
993 1551 1006 1576 ι
1021 1523 1067 1585 Te
1084 1543 1161 1585 vero

99 1617 295 1709 «providum
314 1618 460 1700 consilii,
483 1618 691 1701 adolescens,
713 1636 746 1684 et
769 1622 965 1709 sapientem,
986 1622 1044 1709 qui
1063 1623 1163 1710 pessie

100 1741 212 1783 ornum
228 1719 377 1784 omniunt
394 1720 574 1808 Lepidum,
590 1721 713 1809 optimo
729 1722 877 1785 omnium
891 1722 1006 1787 Catulo
1019 1724 1161 1812 priorem

100 1819 378 1887 «remmtiandurn
394 1823 571 1886 curaveris!
588 1824 630 1885 At
647 1837 699 1904 tu,
717 1823 781 1904 fac,
798 1824 927 1912 vigiles,
943 1824 1000 1912 qui
1013 1823 1161 1889 adversa·

100 1923 207 1987 orium
229 1922 364 1986 effecisti
385 1922 632 1987 valentiorem».
651 1923 766 2009 Neque
785 1924 897 1987 fefellit
913 1947 987 1988 eum
1003 1948 1161 2016 praesagus

101 2022 203 2091 loturi
220 2024 369 2103 animus,
385 2038 417 2086 et
434 2025 576 2113 spirante
591 2022 698 2091 adbuc
710 2025 813 2105 Sulla,
829 2025 1014 2091 seditiosam
1027 2027 1068 2092 ad
1083 2028 1163 2109 Qui·

100 2127 175 2189 rites
201 2125 381 2191 orationem
408 2124 548 2214 lepidus
573 2125 687 2188 consul
705 2126 838 2207 babuit,
861 2149 933 2213 quae
954 2126 1061 2192 adhuc
1079 2128 1163 2191 inter

101 2227 251 2314 reliquias
268 2225 409 2290 historiae
426 2226 624 2291 Sallustianae
642 2242 796 2291 servatur.

141 2329 261 2397 XLIII.
284 2325 385 2392 Paulo
407 2346 480 2392 ante
500 2328 565 2392 boc
578 2344 725 2415 tempus,
744 2349 847 2414 quum
867 2349 887 2390 a
908 2326 1095 2393 Mithridate
1119 2327 1162 2393 ad

100 2428 309 2495 scribendum
325 2428 429 2494 foedus
444 2430 541 2520 legati
555 2430 734 2512 venissent,
751 2429 869 2492 infecta
885 2451 919 2491 re
932 2427 1161 2510 dimissisun13

99 2531 189 2620 quod
195 2532 441 2614 Ariobarzanes,
457 2549 573 2622 sponte
582 2555 656 2617 sua,
668 2556 708 2596 an
723 2533 858 2597 aliorum
873 2533 1044 2614 instinctu,
1056 2534 1163 2596 incer·

100 2651 182 2715 tum,
190 2633 557 2700 nonessesibicumfide
564 2634 743 2699 restitutam
750 2631 984 2722 Cappadociam
992 2632 1161 2698 detulerat.

100 2736 178 2799 Eam
195 2736 301 2818 Sulla,
319 2751 389 2799 tum
407 2735 513 2801 adhuc
532 2735 686 2817 dictator,
697 2734 792 2814 jussit
809 2734 934 2798 restitui
952 2757 960 2799 ε
979 2750 1012 2798 et
1032 2734 1161 2800 Mithri·

101 2835 189 2901 dates
197 2837 321 2925 paruit,
331 2859 516 2926 quanquam
530 2835 571 2900 ad
584 2836 702 2900 Phasin
717 2850 750 2899 et
762 2837 940 2899 Caucasum
952 2835 1050 2900 rebus
1062 2835 1161 2901 inter·

101 2960 136 3001 aa
148 2937 300 3026 praeclare
313 2938 425 3035 gestis,
440 2937 567 3029 imperii
581 2935 661 3002 fines
675 2937 867 3025 protulerat,
884 2937 1077 3024 Bosporanis
1088 2938 1163 3002 sub·

101 3039 196 3121 actis,
213 3037 333 3127 quibus
355 3037 493 3103 filiorum
517 3061 622 3103 unum
642 3038 826 3105 Macharem
846 3060 955 3128 regern
976 3037 1075 3104 dedit.
1097 3039 1160 3104 Sed

102 3140 188 3205 idem
205 3163 309 3228 quum
326 3141 361 3204 in
376 3142 509 3205 Achaeos
526 3141 653 3205 fecisset
669 3138 924 3228 expeditionem,
938 3139 1062 3204 insidiis
1080 3140 1161 3204 etri

102 3241 229 3331 frigoris
243 3242 420 3307 exercitum
439 3241 662 3332 carpentibus,
680 3241 733 3307 rix
755 3242 881 3306 tertiam
903 3241 1069 3330 copiarum
1087 3263 1161 3328 par·

101 3358 167 3407 tem
183 3342 365 3408 reduxerat.

132 3545 149 3610 s
164 3547 230 3594 m.
243 3545 310 3597 stus
324 3571 360 3582 -
372 3544 436 3593 Plio.
450 3545 529 3603 XIV,
539 3552 579 3601 rt.
592 3571 626 3582 -
644 3545 728 3592 Senec.
743 3542 845 3593 Consol.
861 3540 894 3590 ad
910 3542 987 3590 Marc.
1002 3557 1057 3605 cap.
1074 3542 1113 3591 15.
1127 3569 1163 3579 ·-

100 3628 209 3694 §ma
223 3629 329 3709 Pluuio
343 3629 431 3694 Pomp.
446 3644 503 3693 cap.
517 3636 559 3685 at.
583 3655 613 3667 ·-
630 3627 717 3675 Zonar.
735 3654 770 3664 -
783 3627 890 3692 Appian.
904 3652 939 3663 -
956 3626 1052 3674 Sallust.
1064 3627 1128 3674 Ilias.
1142 3628 1162 3676 I.

101 3738 133 3750 -
145 3712 162 3779 S
177 3715 273 3764 um.
283 3713 395 3779 Appian.
409 3711 523 3762 Mithrid.
537 3738 572 3750 -
585 3712 711 3760 Memnon.
722 3737 757 3748 -
768 3709 831 3759 I’lut.
842 3709 869 3757 in
882 3708 959 3768 Sulla,
972 3725 1026 3773 cap.
1037 3725 1076 3770 7⁰.
