2670 5018
266 50 278 67 ··
290 43 358 102 npse
374 35 490 77 nonort
504 30 537 75 et
552 12 700 100 dignitati
717 34 845 99 semper
861 12 912 75 lav

268 146 281 169 «ι
292 137 414 177 novum
430 114 464 175 in
479 112 644 200 republica
661 112 886 176 introductum
901 136 915 175 e

268 214 480 278 «intercessio
498 215 594 277 armis
612 231 798 293 notaretur,
815 231 913 302 atque

269 350 281 370 «ι
291 316 476 403 perioribus
494 317 589 378 annis
605 331 688 379 essct
704 317 862 380 restituta.

313 418 497 482 XXXVIII.
526 418 694 497 «Sullam,
717 416 838 481 nudata
863 439 923 480 orn:

267 550 280 573 ι
292 536 466 608 potestate,
483 537 591 583 mmen
603 518 867 584 intercessionem
884 517 925 581 lib

270 620 421 708 «prium,
444 621 501 709 qui
526 621 642 685 amissa
660 620 838 685 restituisse
856 618 927 683 vide

273 738 370 787 «ante
394 722 565 804 habuerit,
593 722 761 786 ademisse.
788 722 930 803 Quoties

272 822 411 888 «darent
426 825 629 914 magistratus
644 846 792 911 operam,
806 846 848 887 ne
864 824 932 911 qui(

273 956 286 981 α
296 941 425 1013 caperet
436 926 518 1013 (qua
528 948 609 990 voce
620 941 653 991 et
665 948 732 1013 quo
743 940 934 989 senatuscon

275 1024 340 1089 «ad
355 1048 444 1089 arma
464 1026 506 1089 sit
521 1026 672 1112 vocatus)
692 1026 815 1089 factum
832 1027 866 1089 in
884 1050 936 1115 per

273 1127 481 1208 «tribunitia,
499 1128 534 1189 in
550 1128 733 1191 secessione
749 1129 879 1217 populi,
896 1145 939 1193 ter

275 1228 360 1305 «bus
375 1229 561 1315 occupatis:
573 1244 671 1314 atque
683 1229 751 1293 haec
762 1230 935 1317 superioris

275 1360 288 1384 ι
298 1331 466 1395 Saturnini
475 1348 574 1417 atquc
583 1330 807 1394 Gracchorum
819 1331 944 1396 casibus

276 1464 289 1487 α
298 1433 354 1496 illo
369 1448 515 1520 tempore
529 1432 611 1495 nihil
624 1434 763 1515 lactum,
780 1455 822 1496 ne
835 1432 946 1521 cogitat

278 1534 523 1623 «promulgata,
540 1556 608 1597 non
626 1556 701 1598 cum
717 1534 839 1623 populo
855 1535 905 1625 agi
926 1557 948 1599 o

276 1666 289 1689 κ
299 1638 381 1701 facta
392 1659 400 1700 :
411 1636 579 1717 hortatur,
593 1636 685 1716 cujus
695 1637 896 1725 imperatoris
909 1635 949 1700 du

277 1738 463 1826 «publicam
478 1740 659 1804 felicissirne
671 1739 845 1827 gesserint,
859 1739 949 1826 pluri]

278 1839 455 1922 «fecerint,
471 1863 605 1904 omnem
633 1841 767 1905 Galliam
790 1840 949 1904 Germania

278 1940 370 2019 «ejus
382 1942 651 2007 existimationem
663 1942 920 2031 dignitatemque
928 1944 949 2005 a]

323 2040 478 2104 XXXIX.
490 2046 632 2107 Auctore
642 2044 740 2107 Laelio
752 2044 905 2132 primipili
918 2066 949 2107 ct

281 2138 416 2220 milites,
431 2165 493 2205 sese
498 2160 631 2229 paratos
641 2169 704 2209 csse
717 2146 913 2234 irrqrerototis
925 2168 949 2208 st

280 2240 415 2328 injurias
434 2242 613 2329 deffendere.
631 2248 734 2335 Igitur
752 2250 858 2310 Caesar
875 2246 949 2310 triltt

280 2341 418 2394 inrum·
451 2358 492 2378 η’-
563 2347 572 2368 ’
