2670 5018
277 742 334 810 IN
364 742 478 810 LOC.
508 744 600 810 LIB.
628 744 805 815 LXXXV
837 747 1049 816 LIVIANI.
1132 748 1196 821 155
1303 693 1308 708 ·

134 864 272 952 cupavit.
287 865 336 927 Ea
348 862 389 927 de
402 886 437 927 re
451 885 553 949 quum
565 863 652 927 Sulla
665 882 873 951 quereretur,
891 868 1022 948 consul,
1036 869 1196 933 incertum

135 965 373 1029 conscientiane
398 965 587 1028 violatarum
610 965 837 1048 induciarum,
859 991 899 1031 an
922 969 1014 1031 utin
1039 991 1074 1032 re
1090 971 1195 1036 subita

135 1066 260 1131 consilii
276 1067 392 1153 inops,
408 1065 535 1129 obsides
551 1064 701 1130 reddidit.

175 1168 217 1231 X.
241 1168 300 1231 His
317 1167 415 1231 rebus
431 1190 533 1254 quum
556 1169 693 1255 abrupta
712 1192 784 1256 spes
804 1170 891 1257 pacis
911 1186 1014 1251 esset,
1038 1172 1195 1236 exercitus

136 1269 275 1332 consulis
300 1269 510 1333 vehementer
528 1269 694 1346 offensus,
719 1271 812 1356 qula,
829 1271 855 1333 si
875 1271 1196 1354 convenisset„tole·

136 1369 240 1434 rabilis
256 1385 359 1434 status
377 1370 512 1433 civitatis
530 1370 733 1457 sperabatur,
746 1393 840 1435 aures
857 1370 1102 1458 corruptoribus
1116 1393 1197 1458 prae·

137 1472 223 1552 buit,
241 1495 371 1559 quum,
394 1472 550 1558 permisso
572 1472 752 1558 colloquio,
773 1471 839 1535 dux
864 1470 996 1534 callidus
1017 1471 1134 1533 milites
1156 1469 1197 1533 ad

136 1574 280 1639 eamdem
302 1573 449 1637 fraudem
472 1573 670 1659 compositos
693 1571 831 1636 subinde
854 1571 895 1635 ad
919 1586 1020 1634 castra
1038 1570 1197 1659 Scipionis

137 1674 285 1738 mitteret.
303 1674 330 1737 Ii
347 1671 587 1761 percontando,
608 1696 705 1760 quem
721 1676 810 1760 grati
821 1673 950 1737 alawihus
966 1675 1047 1751 sur's,
1068 1674 1198 1759 quantis

127 1773 345 1861 firmilian'bus
364 1777 459 1862 copies
478 1790 675 1861 augerentur,
700 1791 871 1863 postquam
903 1775 1044 1839 volentia
1064 1796 1198 1860 accepe-

137 1891 226 1956 mnt,
241 1873 342 1939 Sulla
356 1874 523 1961 benignum
535 1878 695 1965 imperinm
703 1924 712 1954 ,
728 1872 886 1960 irfititam
895 1875 1128 1953 liberalitatem,
1142 1898 1199 1938 nec

136 1980 346 2064 &operatorem
367 1977 440 2054 sibi',
460 1976 517 2039 sed
527 1993 653 2065 petrem
674 1979 782 2041 divina
804 1978 944 2065 quedam
961 1993 1041 2041 sorte
1058 1979 1198 2064 obtigisse

136 2078 357 2166 predicabant.
382 2079 494 2149 Rebus,
513 2080 666 2167 utrinque
690 2079 894 2159 constitutis,
914 2095 953 2142 ut
973 2080 1105 2166 propius
1121 2101 1196 2166 sug·

136 2177 289 2266 gredienti
305 2180 400 2244 Sullae
416 2203 450 2244 se
466 2182 720 2271 conjungerent,
739 2181 823 2245 Sulla
842 2202 899 2267 per
916 2181 1054 2268 speciem
1069 2180 1196 2244 hostilia

135 2296 231 2344 castra
256 2282 467 2371 oppugnandi
485 2282 634 2346 cohortes
658 2282 771 2370 viginti
794 2280 957 2360 admovit3
975 2280 1050 2361 sed,
1073 2304 1196 2368 praepa·

135 2381 205 2444 ratis
228 2383 380 2446 omnium
402 2384 536 2463 animis,
558 2400 660 2447 castra
680 2383 751 2446 sine
766 2384 899 2446 vulnere
916 2383 1106 2446 introitum:
1125 2398 1196 2444 tum

134 2503 207 2544 vero
235 2484 408 2547 universus
430 2484 588 2572 Scipionis
615 2484 793 2565 exercitus,
817 2483 1027 2573 quadraginta
1047 2485 1198 2547 cohortes

135 2582 219 2672 signa
244 2583 287 2648 ad
309 2607 385 2648 eum
404 2587 647 2649 transtulerunt.
669 2586 764 2649 Solus
784 2607 858 2648 cum
880 2584 947 2648 filio
964 2584 1064 2648 Lucio
1082 2584 1198 2647 consul

134 2684 165 2747 in
185 2687 396 2750 tabernaculo
418 2686 638 2775 deprehensus
656 2702 725 2768 est,
748 2709 814 2750 non
838 2687 952 2772 utique
975 2708 1093 2773 magno
1117 2685 1196 2748 boni

133 2785 331 2873 imperatoris
348 2803 560 2876 argumento,
577 2810 674 2874 quem
693 2787 820 2874 vulgata
839 2788 915 2851 totis
931 2788 1040 2851 castris
1055 2787 1194 2850 militum

134 2885 297 2951 inclinatio
316 2889 500 2970 fefellisset,
525 2911 628 2976 quum
650 2889 827 2976 praesertim
852 2905 934 2952 esset
953 2911 972 2953 a
991 2888 1033 2968 Q.
1054 2887 1196 2951 Sertorio

134 2990 352 3075 premonitus.

173 3090 231 3153 xl.
250 3090 339 3154 Sulla
354 3091 519 3180 Scipiones
535 3091 657 3155 dimisit
672 3093 859 3172 inviolatos,
877 3091 994 3156 additis
1009 3089 1194 3177 equitibus,

134 3191 301 3276 quicum,
320 3216 529 3281 quocumque
549 3194 664 3272 vellet,
685 3208 757 3256 tuto
776 3192 985 3256 deducerent.
1003 3193 1109 3277 Atque
1123 3189 1196 3269 ille,

133 3290 187 3355 ubi
201 3293 346 3380 primum
366 3293 480 3358 urbem
498 3295 634 3358 amicam
653 3294 778 3382 attigit,
799 3292 973 3380 resumptis
992 3291 1195 3380 magistratus

132 3389 333 3481 insignibus,
354 3393 472 3457 iterum
486 3395 594 3482 copias
609 3394 698 3459 haud
718 3393 971 3458 contemnendas
987 3391 1195 3479 comparavit.

131 3490 220 3556 Idem
246 3493 334 3556 Sulla
353 3492 545 3558 beneficium
563 3497 673 3560 multis
690 3495 777 3578 aliis,
801 3510 834 3558 et
851 3493 1043 3558 nominatim
1065 3493 1106 3574 Q.
1125 3491 1197 3554 Ser-

132 3592 214 3655 torio
228 3594 391 3681 prestitit,
405 3595 462 3681 qui
476 3594 651 3682 desperatis
664 3596 760 3660 rebus
773 3596 807 3658 in
822 3594 1009 3682 Hispaniam
1020 3593 1102 3675 ,jam
1118 3592 1195 3657 olim

131 3694 328 3778 provinciam
346 3718 415 3759 eam
430 3698 582 3777 sortitus,
596 3720 630 3761 se
644 3699 799 3778 contulit,
817 3697 932 3760 maxim
938 3718 994 3758 um
1010 3696 1108 3782 paulo
1124 3711 1197 3782 post

128 3791 316 3859 incendium
335 3796 411 3859 belli
432 3799 638 3862 excitaturus.
657 3800 792 3878 Fertur,
808 3799 858 3861 his
870 3797 1006 3876 auditis,
1026 3797 1132 3860 Carbo
1147 3796 1198 3859 di·
1303 3782 1306 3787 .

131 3893 211 3959 aisse
231 3897 462 3984 presentibus,
483 3898 599 3962 bellum
619 3901 678 3963 sibi
697 3923 768 3962 cum
785 3898 881 3986 vulpe
897 3912 929 3961 et
947 3897 1035 3960 leone
1055 3900 1197 3961 ammaon

132 3995 230 4061 Sallae
239 3999 487 4063 inhabitantibus
497 4023 569 4080 esse,
582 4002 639 4065 sed
645 3991 717 4064 eum
725 3999 821 4087 'vzdpe
823 3999 1038 4088 periculones.
1060 4000 1101 4061 At
1112 3997 1198 4061 Sulla

132 4114 201 4182 post
212 4100 380 4164 victoriam
399 4124 498 4189 aquas
515 4100 562 4164 ad·
578 4118 722 4165 montem
743 4100 866 4180 Tifata,
884 4099 941 4162 ubi
953 4121 1028 4162 cum
1040 4097 1196 4161 Norbano

162 4325 221 4389 §L
232 4324 288 4378 (Xe.
301 4328 408 4395 Philipp.
423 4333 498 4387 1111,
517 4348 537 4379 r.
555 4359 589 4398 3-
603 4332 700 4380 Sallust.
712 4331 778 4396 apud
790 4333 881 4399 Donat.
896 4341 920 4376 et
934 4332 1022 4376 Incert.
1038 4327 1054 4372 6
1067 4337 1092 4374 et
1105 4334 1143 4379 14.
1161 4351 1195 4358 -

132 4406 191 4461 ΡΜ.
200 4445 233 4456 -
248 4413 356 4478 Appiae.
370 4441 405 4451 -
415 4417 466 4463 liv.
477 4415 542 4479 Epir.
556 4442 589 4450 -
600 4414 617 4478 s
629 4416 673 4463 XI.
688 4416 752 4463 Plut.
767 4416 792 4462 in
809 4416 899 4464 Sertor.
912 4430 934 4460 c.
948 4413 977 4471 ⁸3
992 4410 1058 4460 idem
1073 4411 1099 4458 in
1114 4407 1189 4460 sulla·

132 4493 235 4542 .—v011.
250 4522 285 4532 -
301 4497 408 4561 Appiam
423 4525 457 4536 -
471 4497 575 4551 Dindor.
587 4498 655 4562 apud
663 4499 719 4548 Val.
