2670 5018
134 726 1198 753 mass-sumsummfflmffimmmmmm

275 941 560 1030 JOANNIS
594 940 1050 1030 FREINSHEMII

185 1194 1184 1357 SUPPLEMENTORUM

360 1499 978 1625 LIVIANORUM

464 1780 642 1860 LIBER
679 1778 872 1857 XLVIII

271 2011 312 2064 IN
341 2009 494 2064 LOCUM
518 2007 639 2065 LIBRI
666 2006 850 2063 LXXXIII
879 2002 1065 2066 LIVIANI.

473 2243 862 2277 ffl-oao--w

547 2463 788 2535 EPITOME

347 2635 475 2691 LIBRI
500 2633 797 2690 OCTOGEslttl
822 2633 996 2691 TERTII.

139 2773 170 2823 C.
188 2771 301 2823 Fimbria
315 2772 341 2823 in
357 2773 434 2833 Asin,
453 2770 518 2822 fusis
535 2769 625 2839 praelio
643 2769 744 2841 aliquot
763 2768 892 2841 praelectis
910 2768 1088 2833 Mithridatis,
1108 2772 1203 2825 urbem

177 2856 331 2926 Pergamum
346 2855 432 2926 cepit,
445 2855 633 2925 obaesauurque
647 2871 753 2924 regern,
767 2871 821 2906 non
837 2854 950 2907 multum
963 2853 1065 2918 abfuit,
1078 2854 1145 2927 quin
1158 2872 1204 2908 ea·

177 2953 258 3010 peret.
272 2941 370 2992 Urbem
386 2938 472 3001 Ilion,
485 2956 544 3009 qno
557 2956 585 2990 ee
597 2937 720 3008 potentati
733 2937 811 2991 sulla
822 2937 987 3001 reservabat,
1001 2938 1161 3009 expugnavit
1172 2955 1205 2991 ae

177 3023 289 3086 delevit,
303 3035 328 3075 et
339 3041 461 3094 magnam
476 3033 578 3092 partem
591 3020 658 3073 Asiae
671 3020 778 3093 recepit.
792 3019 864 3074 SnIIa
876 3018 965 3073 multia
978 3018 1072 3090 pruliia
1084 3018 1205 3073 Thraca

177 3106 280 3159 cecidit.
295 3108 385 3171 Quum
402 3108 434 3158 L.
448 3105 533 3157 Cinna
551 3115 578 3158 et
590 3104 641 3157 Cn.
652 3103 771 3176 Papiriae
787 3104 891 3168 Carbo,
906 3104 941 3157 ab
955 3122 983 3156 ae
1001 3102 1063 3175 iptia
1080 3101 1205 3157 eonsules

178 3210 224 3260 prr
244 3189 378 3241 biennium
398 3189 496 3253 creati,
514 3188 614 3240 bellum
629 3199 721 3240 contra
740 3187 841 3243 Sullam
861 3199 1003 3260 pararent,
1023 3186 1150 3241 effectum
1166 3198 1205 3240 eat

178 3293 223 3343 per
234 3273 403 3325 L.Valerinrn
414 3273 537 3325 Flaccum
550 3270 698 3344 principem
710 3282 831 3335 amatus,
843 3271 890 3343 qni
902 3271 1057 3326 orationem.
1065 3269 1094 3323 in
1112 3282 1205 3323 uenatu

179 3348 290 3419 hebuit,
302 3369 327 3408 et
341 3376 387 3426 per
401 3375 462 3419 eoa,
477 3355 523 3427 qui
534 3353 683 3408 concordia
696 3352 852 3420 studebant,
866 3367 895 3409 nt
908 3354 985 3427 legati
1002 3353 1037 3406 ad
1053 3354 1155 3409 saltam
1171 3354 1206 3409 de

182 3458 245 3509 pace
256 3439 429 3490 mitterentur.
440 3438 524 3490 Cinna
539 3438 573 3490 ab
582 3437 698 3490 exercitu
708 3457 772 3499 auo,
782 3457 861 3509 quem
874 3438 984 3490 invitum
997 3438 1108 3508 cogebat
1124 3457 1206 3491 navea

179 3522 374 3586 conscendere,
394 3534 419 3574 et
439 3521 564 3574 adversus
583 3520 682 3574 Sullam
700 3520 849 3592 proficisci,
868 3523 1019 3575 interfectus
1036 3536 1084 3575 eat.
1103 3522 1206 3575 Consu·
1239 3564 1244 3571 .

182 3609 262 3658 latum
280 3607 367 3659 Carbo
387 3606 457 3657 solun
472 3605 560 3675 gennit.
579 3603 668 3666 Sulla,
686 3622 770 3676 quum
786 3604 813 3655 in
830 3605 918 3659 Asiam
936 3605 1095 3679 traJ'eciaeet‚
1112 3621 1206 3676 pacem

181 3709 241 3741 euin
255 3688 407 3740 Mithridate
421 3687 498 3751 feeit,
514 3687 551 3739 itu
562 3699 591 3738 ut
599 3686 622 3738 is
632 3686 737 3740 eederet
747 3687 887 3759 provinciis
898 3688 975 3751 Asia,
989 3686 1126 3759 Bithynia,
1139 3688 1207 3757 Cap-

182 3773 301 3843 padocia.
313 3774 444 3835 Fimbria,
455 3770 572 3825 desertus
583 3771 617 3824 ab
627 3772 740 3824 exercitu
750 3808 758 3835 ,
770 3771 816 3843 qui
829 3770 864 3824 ad
873 3771 974 3825 Sullam
984 3771 1139 3834 transierat,
1150 3770 1207 3841 ipae

184 3877 211 3909 se
227 3856 370 3929 percussit3
384 3855 586 3929 impetravitque
603 3853 637 3908 de
652 3875 728 3909 aervo
747 3873 812 3917 auo,
832 3856 949 3926 praebens
969 3854 1114 3918 cervicem,
1134 3864 1164 3906 ut
1179 3872 1207 3906 ae

184 3938 322 3993 occideret.

153 4119 175 4179 I.
201 4082 254 4180 (l
269 4116 428 4176 Futurus
441 4114 582 4177 Fimbria
599 4114 771 4202 imperinm
784 4107 1050 4204 copiarum,'quo
1067 4113 1208 4178 dinimua

152 4213 265 4293 inodo,
277 4229 405 4292 nactus,
422 4235 488 4275 non
505 4215 589 4277 sicut
598 4215 767 4280 ambitiose
783 4239 855 4305 erga
870 4216 1004 4296 milites,
1018 4216 1137 4296 injuste
1151 4214 1208 4279 ad·

152 4339 259 4380 versus
288 4314 409 4393 socios,
434 4314 479 4377 sic
506 4316 602 4379 etium
626 4315 738 4381 tImide
755 4334 851 4404 atqtoe
877 4317 1077 4406 negligenter
1096 4331 1209 4379 contra

153 4420 277 4483 hostem
288 4415 530 4483 administravit.
539 4416 657 4481 Filium
671 4440 767 4482 suum
779 4418 980 4483 Mithridates
992 4419 1075 4507 patri
1085 4440 1209 4507 cogno·
