2670 5018
281 787 335 857 IN
366 789 477 857 LOC.
504 789 596 857 LIB.
624 776 712 857 CVI
742 787 951 857 LIVIANI.
1084 782 1151 882 587

24 911 29 917 ’
87 921 216 988 tentus,
238 906 418 994 imperabat
435 906 568 989 auxilia,
585 930 657 995 quaa
673 929 749 970 mox
767 907 872 993 pretio
891 906 1088 989 remitteret;
1105 908 1153 971 ci·

85 1010 288 1096 vitatumque
312 1007 457 1089 reditus,
484 1024 517 1072 et
542 1008 675 1072 donaria
703 1009 899 1095 templorum
927 1009 1149 1096 computabat.

86 1109 319 1198 Hierosolymis
345 1110 440 1173 etiam
468 1133 599 1175 auream
626 1111 751 1175 trabem
780 1133 819 1174 ex
847 1110 967 1198 templo
1000 1111 1152 1191 sustulit,

86 1212 237 1275 Eleazaro
251 1210 367 1292 dante,
382 1235 423 1275 ne
436 1212 516 1300 quid
528 1229 681 1300 praeterea
692 1211 732 1275 tle
746 1234 837 1276 sacro
849 1212 1002 1275 thesauro
1014 1213 1152 1276 tolleret.

86 1312 128 1375 At
140 1314 254 1375 Crasso
267 1313 374 1399 potior
385 1313 521 1400 pecunia
535 1311 597 1375 fide
608 1312 755 1401 jurisque
765 1313 895 1391 jurandi
909 1313 1064 1402 religione
1078 1313 1151 1377 fuit.

86 1413 192 1502 Igitur
204 1428 236 1476 ct
253 1412 320 1476 duo
333 1414 429 1477 millia
444 1415 659 1492 talentorum,
678 1435 749 1500 quae
767 1412 941 1500 Pompeius
962 1412 1152 1499 reliquerat,

87 1529 120 1576 et
140 1512 299 1601 quidquid
321 1531 472 1603 praeterea
492 1514 562 1577 auri
581 1513 751 1578 inventurn
773 1514 807 1576 in
827 1516 903 1577 fano
917 1530 982 1595 est,
1003 1513 1151 1578 detraxit.

87 1616 125 1678 ln
140 1637 216 1679 cava
224 1616 314 1704 Syria
327 1617 404 1680 urbs
419 1617 481 1680 fuit
492 1617 603 1680 multis
615 1615 822 1696 nominibus;
837 1639 912 1679 narn
927 1632 959 1680 et
968 1616 1152 1704 Bambycen

86 1732 120 1781 et
132 1717 285 1781 Edessam
299 1719 479 1807 appellant;
493 1734 525 1781 et
541 1718 582 1782 ab
600 1719 688 1806 Syris
702 1717 837 1807 Magog,
856 1740 874 1780 a
888 1717 1006 1782 Graecis
1019 1731 1153 1804 propter

87 1820 302 1884 celebritatem
318 1821 445 1885 delubri
457 1821 634 1909 Hierapolis
646 1822 832 1886 vocabatur.
850 1823 952 1884 Deam
967 1820 1090 1909 Syriam
1107 1819 1153 1882 ibi

86 1922 236 1987 colebant
248 1922 432 2012 prodigiosa
446 1924 548 1987 forma
562 1945 569 1985 :
589 1945 730 2012 superne
748 1922 881 2003 mulier,
900 1922 1053 1986 inferiore
1065 1937 1155 2010 parte

86 2024 230 2111 corporis
252 2025 286 2088 in
308 2024 429 2112 piscem
453 2023 631 2088 desinebat.
654 2024 785 2087 Derceto
807 2039 864 2086 aut
880 2024 1039 2109 Atargatis
1056 2045 1153 2085 voca·

85 2123 192 2188 batur.

130 2225 221 2289 xxi.
252 2225 470 2290 Semiramidis
499 2239 633 2290 matrem
663 2225 761 2288 fuisse
792 2223 924 2312 quidam
955 2223 1152 2288 fabulantur.

86 2325 190 2390 Graeci
208 2328 369 2391 Venerem
392 2349 431 2390 eo
454 2326 606 2407 nomine,
627 2343 684 2390 aut
703 2328 877 2405 Iunonem,
901 2349 974 2414 pars
991 2327 1154 2391 Naturam

85 2429 148 2493 coli
161 2429 328 2517 putabant.
342 2431 379 2492 ln
394 2428 626 2516 antiquissimis
640 2429 852 2493 Hebraeorum
866 2428 955 2492 libris
963 2428 1078 2516 Dagon
1089 2443 1153 2507 est,

85 2527 207 2616 piscem
224 2528 424 2618 significante
442 2530 613 2594 vocabulo.
629 2532 668 2594 In
687 2530 784 2610 hujus
805 2529 872 2594 aede
893 2533 1008 2594 Crasso
1031 2530 1153 2595 factum

85 2653 182 2694 omen
198 2631 308 2696 ferunt
318 2631 608 2720 appropinquantis
623 2632 783 2696 interitus.
794 2633 871 2697 Erat
881 2656 957 2696 curn
969 2655 1008 2696 eo
1017 2632 1154 2696 Publius

85 2728 190 2814 lilius,
209 2735 267 2820 qui
288 2756 427 2823 nupera
443 2736 567 2799 Caesare
584 2734 685 2798 lectos
709 2734 834 2822 equites
855 2735 942 2797 mille
958 2732 1155 2815 adduxerat,

86 2831 184 2911 donis,
197 2834 387 2899 militaribus
403 2850 535 2925 propter
547 2835 702 2900 virtutem
716 2837 757 2901 ab
774 2859 814 2901 eo
834 2837 945 2900 multis
959 2835 1152 2900 honoratus.

87 2933 200 3016 Quum
220 2937 344 3001 exirent
361 2937 454 3019 fano,
471 2938 614 3026 primum
631 2937 673 3001 ad
691 2938 777 3002 fores
793 2938 928 3027 impegit
946 2937 1152 3017 adolescens,

85 3058 162 3099 mox
176 3052 267 3123 pater
280 3060 378 3125 super
394 3062 513 3127 corpus
529 3039 663 3119 jacentis
682 3040 875 3127 provolutus
892 3055 950 3103 est.
970 3041 1040 3103 Nec
1054 3058 1151 3102 omen

85 3152 213 3200 tanturn
238 3138 351 3201 mortis
368 3161 405 3202 ea
425 3139 508 3203 aedes
526 3142 659 3221 Crasso,
679 3139 735 3204 sed
757 3141 853 3204 etiam
874 3163 1003 3206 causam
1027 3138 1155 3203 dedisse

84 3236 231 3319 videtur3
247 3237 337 3325 quod
354 3239 415 3304 hac
428 3243 566 3304 maxime
583 3241 701 3321 injuria
717 3241 871 3306 credibile
885 3259 933 3306 est
950 3256 1153 3306 commotum

86 3337 214 3402 Edessae
242 3338 423 3426 principem
448 3341 633 3429 Abgarum,
657 3342 775 3406 exitiali
800 3343 943 3406 romanis
972 3340 1156 3432 legionibus

85 3439 289 3529 proditione,
308 3441 533 3506 consiliarum
549 3443 676 3507 Parthis
690 3444 837 3508 sociasse.

130 3542 350 3607 xx11.1dem
374 3566 480 3608 annus
503 3544 631 3609 crebras
653 3545 828 3609 illustrium
851 3544 997 3607 virorum
1021 3562 1154 3606 accusa·

85 3644 192 3707 tiones
208 3644 340 3727 habuit,
358 3660 391 3709 et
403 3660 519 3733 praeter
532 3662 727 3710 memoratos
741 3662 852 3724 antea,
869 3644 914 3709 Μ.
929 3643 1049 3707 Coelius
1066 3633 1155 3729 apud

85 3746 344 3827 Cn.Domitium,
358 3748 394 3811 C.
405 3747 542 3812 Messius
554 3747 640 3837 apud
651 3748 687 3812 P.
696 3747 866 3811 Servilium
875 3761 1047 3835 praetores,
1060 3745 1156 3808 item-

85 3868 151 3933 que
171 3848 297 3912 Dntsus
318 3864 350 3913 et
366 3849 515 3913 Vatinius
531 3873 550 3913 a
566 3851 724 3915 Cicerone
747 3848 872 3914 defensi
889 3865 976 3912 sunt.
998 3848 1156 3912 Praeterea

85 3952 121 4012 C.
138 3949 235 4030 Cato,
252 3951 323 4015 Sex.
337 3952 490 4034 Sufenas,
508 3953 564 4040 qui
583 3952 616 4016 in
634 3951 821 4032 tribunatu,
842 3950 975 4014 sublatis
998 3948 1155 4030 comitiis,

85 4072 220 4139 magnas
239 4052 350 4116 turbas
367 4052 516 4135 dederat,
533 4078 562 4118 a.
574 4053 606 4118 d.
626 4076 705 4117 non.
722 4052 894 4140 quintiles,
911 4053 1020 4117 favore
1039 4051 1157 4115 trium·

120 4275 137 4341 §
154 4278 213 4324 XX.
229 4278 511 4343 rosemundam,
526 4295 572 4339 ra,
588 4277 810 4338 cruentant,
828 4279 853 4327 6.
871 4305 907 4315 -
922 4280 1056 4343 Hegesipp.
1071 4279 1097 4336 1,
1111 4292 1154 4325 ar.

87 4387 124 4397 -
136 4360 199 4408 Plin.
209 4362 242 4421 V,
255 4363 298 4410 23.
311 4389 346 4398 -
359 4363 439 4413 Strab.
451 4363 496 4412 lib.
509 4364 586 4422 xvl,
604 4382 629 4429 p.
643 4365 694 4425 748
707 4375 731 4412 et
747 4365 806 4426 785.
818 4392 854 4401 -
866 4364 968 4413 larcian.
982 4364 1013 4412 de
1024 4365 1079 4428 Syr.
1094 4365 1155 4410 Dea.

10 4471 15 4482 ·
85 4471 121 4480 -
142 4446 232 4493 Horat.
249 4446 304 4494 An.
321 4448 390 4495 Post.
407 4454 431 4503 t.
446 4475 482 4484 -
495 4446 511 4513 s
525 4449 598 4496 ΠΙ.
610 4447 686 4498 ovid.
703 4449 804 4499 Meum.
816 4449 865 4506 IV,
886 4446 928 4504 45.
945 4474 980 4484 -
1003 4446 1103 4494 Lucina.
1123 4472 1158 4481 -

86 4525 192 4575 Diodor.
211 4529 250 4589 11,
270 4539 294 4588 4.
311 4554 344 4567 -
364 4531 560 4594 ueg.1,5.-
577 4530 699 4580 Plutarch.
