2670 5018
149 752 195 821 60
322 756 754 827 J0.FRE1NSllEMll
790 760 1030 828 SUPPLEM.

148 926 173 987 l.
198 891 244 988 lu
273 924 321 986 bis
350 925 504 1011 angustiis
531 948 633 1011 quum
664 925 861 1015 deprehensa
892 930 1072 1017 respublica
1102 953 1203 1015 esset,

146 1029 252 1090 omniu
270 1028 529 1115 circumspiciens
546 1045 695 1110 senatus,
713 1031 799 1094 nulla
821 1031 896 1095 satis
912 1047 969 1095 aut
987 1050 1129 1118 matura,
1149 1053 1205 1100 aut

147 1127 235 1191 firma
249 1128 391 1216 praesidia
403 1128 591 1218 reperiebat.
607 1131 641 1193 L.
653 1131 757 1212 Sulla,
772 1132 805 1194 iu
819 1155 886 1218 quo
900 1155 972 1220 spes
985 1155 1054 1198 esse
1067 1137 1204 1200 maxima

147 1230 317 1317 potuisset,
330 1231 445 1317 procul
458 1230 492 1294 in
504 1231 623 1295 Graecia
635 1231 766 1320 gerebat
777 1254 851 1297 cum
866 1233 1090 1300 mithridaticis
1104 1237 1204 1325 copiis

147 1330 264 1394 bellum
289 1355 296 1394 :
320 1331 446 1395 servitia
469 1331 496 1394 si
521 1348 742 1414 armarentur,
766 1333 839 1422 plus
861 1332 1028 1398 dedecoris
1050 1336 1202 1416 allatura,

146 1455 243 1519 quam
260 1433 384 1513 auxilii,
401 1432 565 1521 putabant.
580 1433 720 1497 Unicum
737 1451 804 1499 erat
814 1433 902 1498 haud
913 1435 1153 1523 poenitendum,
1167 1453 1204 1501 ut

146 1534 179 1596 in
192 1534 245 1597 tali
259 1551 419 1622 tempore,
430 1533 618 1615 consilium,
635 1535 797 1599 utltalicis
812 1535 982 1612 omnibus,
1002 1535 1101 1600 modo
1116 1560 1203 1600 arma

146 1635 344 1723 posuissent,
363 1635 522 1699 civitatem
541 1633 664 1699 darent.
680 1636 728 1699 Ita
744 1652 776 1699 et
791 1635 879 1716 illos,
892 1651 949 1717 et,
967 1635 1023 1723 qui
1039 1635 1147 1701 adbuc
1162 1661 1203 1701 eo

146 1735 231 1798 bello
243 1736 416 1824 implicitus
431 1751 515 1821 erat,
536 1735 577 1817 Q.
593 1736 713 1800 Metelli
727 1741 920 1820 exercitum,
933 1738 1022 1801 velut
1033 1741 1201 1802 communi

145 1837 254 1924 patriae
272 1860 492 1901 succursuros.
506 1836 568 1901 Sed
576 1838 762 1902 Italicorum
774 1861 871 1903 nemo
884 1840 1002 1924 ferme,
1016 1856 1132 1929 praeter
1139 1842 1203 1904 Lu·

144 1961 241 2003 canos
260 1957 292 2002 et
309 1940 484 2020 Samnites,
503 1956 679 2028 supererat.
701 1941 821 2004 Lucani
839 1942 963 2030 Cleptio
977 1959 1010 2006 et
1023 1943 1203 2032 Lamponio

145 2040 283 2104 ducibus
294 2042 418 2122 Asiam,
433 2040 591 2130 oppidum
607 2042 770 2105 munitum
786 2042 820 2104 in
841 2041 989 2122 Bruttiis,
1004 2042 1105 2131 longo
1122 2059 1203 2107 tem·

145 2165 223 2230 pore
243 2143 336 2205 inani⁴
351 2161 470 2208 conatu
490 2142 705 2208 obsederant:
724 2145 883 2233 Rhegium
905 2145 1000 2208 etiam
1015 2166 1203 2235 oppugnare

145 2244 252 2307 conati
275 2261 383 2327 erant;
404 2247 430 2308 si
451 2246 544 2333 potiti
562 2269 598 2310 ea
622 2247 703 2310 urbe
720 2246 877 2327 fuissent,
898 2246 1034 2309 Siciliam
1059 2247 1200 2334 petituri.

144 2345 207 2410 Sed
228 2362 345 2434 praetor
368 2347 480 2410 insulae
505 2349 542 2412 C.
563 2348 759 2428 Norbanus,
786 2345 1009 2436 magnitudine
1033 2364 1203 2436 apparatus

145 2449 262 2512 territis
279 2449 381 2528 Italis,
402 2449 544 2536 periculo
560 2449 726 2539 Rheginos
744 2449 872 2537 eripuit.

187 2551 228 2613 ll.
246 2552 332 2638 Ergo
348 2550 484 2631 Lucani,
502 2548 660 2616 beneficio
677 2567 807 2615 senatus
824 2551 890 2635 usi,
910 2551 1041 2614 sullanis
1056 2552 1202 2638 partibus

143 2673 176 2712 se
191 2650 416 2729 adjunxerunt.
432 2653 591 2715 Caeterum
605 2649 639 2713 id
656 2651 789 2739 quidem
804 2642 836 2713 in
855 2651 1023 2739 praesentia
1036 2650 1202 2714 modicum

144 2751 298 2840 gaudium
317 2753 397 2833 fuit,
414 2751 503 2839 quod
517 2752 676 2816 infirmior
693 2776 729 2816 ea
746 2775 817 2840 pars
838 2753 1019 2833 sociorum,
1036 2768 1067 2814 et
1081 2751 1115 2813 in
1130 2751 1204 2815 ulti·

145 2875 235 2915 mum
252 2854 349 2916 Italiae
363 2853 518 2943 angulum
534 2854 684 2917 submota
702 2871 778 2919 erat.
799 2853 973 2935 Samnites,
991 2854 1048 2941 qui
1060 2853 1125 2932 jam
1144 2854 1202 2917 soli

143 2977 230 3017 arma
258 2956 461 3038 retinebant,
489 2956 762 3045 Campaniamque
790 2972 823 3020 et
847 2954 1027 3043 superiores
1054 2954 1202 3043 regiones

142 3056 316 3137 vexabant,
331 3058 516 3140 conciliare,
532 3059 634 3140 majus
647 3081 751 3146 operae
765 3058 904 3146 pretium
917 3057 1039 3136 luerat,
1054 3055 1111 3120 sed
1122 3054 1203 3119 dum

142 3158 293 3222 honestas
310 3157 511 3223 conditiones
530 3175 660 3223 senatus
677 3174 858 3247 exspectat,
873 3181 891 3220 a
907 3157 1027 3236 Mario,
1040 3155 1121 3218 nibil
1135 3177 1202 3219 non

141 3261 321 3338 tribuente,
340 3276 520 3346 praeventus
536 3276 594 3325 est.

187 3360 245 3424 ΙΙΙ.
266 3360 306 3441 Q.
320 3359 450 3424 Metello
467 3361 526 3425 Pio
549 3363 698 3427 consules
719 3384 758 3426 eo
781 3361 821 3425 de
844 3361 973 3449 negotio
993 3360 1201 3446 scripserant,

141 3478 244 3526 castra
260 3479 372 3526 contra
394 3461 550 3526 Samnites
572 3462 722 3542 babenti,
743 3479 796 3543 ut,
819 3462 939 3550 quibus
960 3475 1069 3550 posset
1092 3459 1203 3524 condi·

140 3564 300 3642 tionibus,
322 3585 398 3628 cum
421 3563 460 3627 iis
485 3563 685 3651 transigeret.
709 3560 773 3626 Sed
795 3562 840 3624 illi
862 3563 1022 3626 civitatem
1047 3584 1116 3624 non
1142 3561 1201 3624 sibi

143 3663 258 3744 modo,
276 3662 445 3727 sedetiam
462 3664 516 3744 iis,
535 3662 592 3750 qui
606 3661 646 3726 ad
663 3685 697 3727 se
714 3662 978 3752 transfugissent,
995 3662 1202 3750 pacisceban-

141 3773 214 3843 tur3
241 3780 391 3851 praeterea
415 3763 556 3852 praedam
583 3762 812 3851 undecumque
835 3764 972 3828 ablatam
996 3762 1202 3843 retinebant;

141 3880 325 3953 postrem0,
348 3867 490 3953 captivos
514 3880 612 3953 atque
635 3865 814 3954 transfugas
836 3887 948 3930 omnes
971 3863 1032 3926 sibi
1056 3865 1200 3946 restitui,

144 3966 351 4055 postulabant
369 3988 376 4029 :
394 3990 465 4052 quar
488 3983 554 4030 tam
576 3968 766 4048 inhonesta,
788 3989 890 4054 quum
906 3987 1013 4063 neque
1030 3964 1201 4045 Metellus,

144 4091 249 4155 neque
263 4067 370 4129 Patres
387 4066 619 4148 concederent,
632 4069 751 4149 Cinna,
768 4067 847 4155 quid
861 4083 1027 4156 ageretur,
1044 4067 1201 4146 sentiens,

143 4185 274 4233 auctore
293 4168 412 4247 Mario,
437 4191 651 4255 quaecumque
668 4170 823 4257 petissent
840 4168 1020 4257 pollicitus,
1043 4168 1201 4231 Samnites

133 4273 285 4363 ¹partibus
300 4271 365 4334 suis
379 4269 534 4350 adjunxit.
548 4271 597 4334 Ab
611 4270 661 4335 bis
675 4270 809 4350 deinde,
823 4293 926 4358 quum
943 4271 1081 4332 Romam
1096 4290 1200 4332 arces·

178 4435 194 4499 S
208 4440 227 4484 l.
242 4433 275 4483 U.
289 4437 317 4483 C.
335 4435 399 4491 665ς
414 4437 445 4483 Α.
456 4435 484 4483 C.
501 4437 541 4496 87.
559 4463 592 4472 -
611 4435 661 4482 Liv.
675 4436 740 4499 Epir.
756 4462 790 4472 ·-
803 4434 907 4483 Diodor.
921 4434 964 4482 lib.
978 4434 1121 4490 xxxv113
1135 4431 1201 4479 idem

140 4519 205 4589 apud
220 4519 285 4568 l'ulv.
300 4519 383 4566 Ursin.
398 4546 432 4556 -
445 4518 551 4583 Appian.
562 4518 616 4568 Cir.
629 4517 672 4567 lib.
687 4521 706 4565 1.
