2670 5018
1011 464 1022 486 0

146 693 191 765 88
315 695 386 781 JO.
414 692 751 762 FREINSHEMII
780 692 1023 761 SUPPLEM.

188 816 326 881 XXXII.
343 817 447 897 «Quae
465 813 530 893 jam
551 814 610 877 alia
629 814 664 876 in
687 814 875 879 universum
895 836 998 904 genus
1018 815 1201 880 humanum

145 935 291 998 «exstent
315 917 404 980 urbis
425 915 522 994 hujus
546 914 677 996 merita,
700 915 727 978 si
749 936 915 978 recensere
935 915 1109 997 vellemus,
1133 914 1201 981 dies

145 1050 157 1073 «ι
168 1020 274 1106 potius
289 1033 321 1082 et
334 1040 411 1096 vox,
430 1038 527 1102 quam
544 1030 771 1103 argumentum
789 1037 849 1078 nos
862 1013 1022 1080 deiiceret.
1039 1017 1083 1079 Ut
1100 1040 1203 1105 pauca

144 1120 271 1196 «obiter
292 1115 487 1196 indicemus,
513 1114 640 1179 lanificii
662 1139 758 1179 usum
780 1113 876 1179 nudis
899 1133 955 1181 aut
975 1119 1057 1182 male
1079 1119 1201 1183 vestitis

146 1218 435 1296 «monstravimus,
458 1232 489 1280 et
508 1238 610 1303 quum
628 1216 662 1278 in
680 1215 840 1304 specubus
860 1217 984 1304 antiqui
1000 1218 1201 1299 habitarent,

145 1319 328 1406 «Euryalus
350 1333 382 1381 et
400 1317 583 1406 Hyperbius
599 1317 682 1380 cives
704 1318 823 1399 nostri,
842 1318 990 1384 lateritias
1007 1318 1202 1383 exaedificare

144 1419 280 1483 «domos
304 1418 496 1482 docuerunt.
513 1417 713 1482 Iudiciorum
737 1419 833 1482 etiam
856 1417 1003 1482 ordinem
1028 1419 1201 1483 hominum

143 1522 262 1608 «primi
283 1518 491 1599 tradidimus,
513 1519 554 1582 ab
577 1519 652 1607 ipsis
677 1518 738 1583 diis
758 1534 944 1607 acceptum,
964 1543 1031 1607 quo
1054 1509 1200 1607 tempore

143 1653 154 1676 ιι
166 1617 287 1685 nomen
303 1626 470 1709 Areopago
487 1621 573 1684 Mars
594 1618 701 1701 dedit,
718 1620 775 1707 qui
792 1621 916 1708 primus
933 1621 978 1684 ibi
994 1621 1106 1709 capitis
1121 1620 1202 1685 dixit

143 1745 311 1801 «causam,
328 1721 371 1783 ob
388 1721 576 1785 Halirrothii
591 1719 722 1785 caedem.

187 1823 341 1886 XXXIII.
358 1821 443 1884 «Sed
463 1838 495 1885 et
512 1819 672 1886 civitatem
692 1837 767 1884 ante
789 1821 867 1909 alios
888 1821 1010 1909 optime
1030 1822 1203 1885 constitui·

143 1946 239 1986 «mus
256 1923 403 2009 populari
424 1938 526 2004 statu,
549 1945 652 2010 quum
669 1922 737 2001 ejus
753 1921 879 1985 nullum
897 1919 1004 1985 adhuc
1018 1922 1201 2010 exemplum

145 2041 315 2088 «exstaret.
340 2024 402 2089 Sed
423 2041 456 2088 et
477 2024 669 2109 certamina,
692 2024 810 2111 quibus
835 2044 970 2109 corpora
992 2037 1203 2086 exerceantur

145 2128 343 2189 «commenti
363 2149 492 2206 sumus,
514 2126 746 2215 gymnicosque
767 2123 966 2213 instituimus
986 2144 1120 2211 agonas,
1139 2145 1201 2186 un-

142 2226 327 2314 agandique
343 2225 532 2310 tradidimus
548 2250 672 2290 morem
684 2250 693 2306 3
712 2242 745 2289 et
759 2247 825 2313 quo
839 2223 1094 2312 magnificentius
1106 2224 1203 2287 Pana-

143 2327 310 2391 «thenaica
333 2329 589 2408 celebrarentur,
613 2329 736 2414 primus
759 2326 932 2389 hominum
952 2323 1122 2413 quadrigas
1145 2347 1202 2388 rex

18 2422 26 2431 ’
80 2432 84 2440 ’
142 2445 275 2493 «noster
287 2429 517 2492 Erichthonius
530 2429 656 2507 junxit,
674 2427 777 2508 idem,
792 2427 942 2514 inquam,
955 2415 1201 2506 Erichthonius,

141 2530 218 2615 «qui
242 2545 275 2591 ct
298 2528 461 2616 signandae
485 2529 628 2615 pecuniae
653 2529 713 2591 fuit
736 2544 859 2591 auctor.
881 2525 950 2590 Nec
969 2526 1035 2604 jam
1054 2549 1203 2590 enarrare

140 2631 328 2709 «volumus,
346 2628 426 2715 quid
438 2630 562 2715 pictura
571 2629 770 2717 Polygnoto,
785 2628 864 2715 quid
879 2627 992 2690 Pericli
1008 2648 1058 2690 res
1075 2627 1202 2690 nautica

142 2727 288 2793 «debeat.
305 2723 425 2791 Literas
442 2744 529 2792 certe
544 2745 577 2792 et
594 2729 795 2809 facundiam,
820 2729 938 2816 quibus
957 2729 1155 2791 ornamentis
1172 2743 1203 2791 te

142 2851 295 2914 “quoquc
309 2829 427 2891 scimus
444 2829 612 2910 excellere,
629 2828 1095 2917 omnemque‘humanitatem,
1110 2829 1201 2910 jura,

141 2962 152 2985 ιι
164 2931 249 3016 leges
271 2929 401 2992 anobis
423 2928 543 2993 habere
563 2932 723 3011 fatentur,
746 2944 911 3017 quotquot
932 2928 1063 2992 habent.
1084 2928 1147 2992 Sed
1171 2945 1203 2992 et

142 3060 154 3083 «
165 3029 300 3107 majores
316 3045 455 3109 vestros,
473 3031 529 3116 qui
543 3046 638 3093 tantae
652 3029 882 3118 magnitudinis
899 3027 1110 3093 fundamenta
1121 3030 1203 3108 jecc-

142 3146 256 3209 «runt,
276 3153 343 3192 non
353 3128 485 3216 puduit,
503 3131 606 3194 missis
617 3131 683 3193 huc
696 3131 820 3218 legatis,
833 3129 960 3193 Solonis
973 3131 1107 3218 inclytas
1117 3130 1202 3220 leges

143 3262 154 3283 ιι
166 3228 364 3311 describere3
386 3228 473 3292 unde
493 3252 569 3293 mox
591 3229 764 3295 duodecim
783 3231 842 3294 illae
863 3230 979 3294 tabulae
994 3230 1201 3318 prodierunt,

142 3363 154 3386 «ι
165 3354 244 3418 quas
255 3330 343 3418 apud
351 3354 408 3394 vos
423 3347 575 3419 tanquam
593 3334 698 3396 omnis
714 3333 836 3420 publici
848 3332 1027 3419 privatique
1035 3331 1116 3411 jutis
1133 3332 1203 3394 Ion·

143 3447 232 3494 «tem
250 3446 347 3518 atque
364 3454 527 3512 normam,
541 3433 675 3521 ingenui
689 3433 780 3520 pueri
793 3434 878 3496 inter
890 3433 1049 3521 precipua
1059 3432 1202 3520 discipli·

141 3553 278 3593 «narum
296 3530 485 3596 edocentur.

184 3633 336 3695 XXXIV.
355 3634 456 3696 «Tam
479 3633 610 3720 antiqua
633 3648 709 3697 sunt
728 3650 845 3698 nostrae
865 3636 954 3698 urbis
975 3636 1009 3696 in
1032 3656 1199 3698 romanam

141 3731 288 3813 «officia3
319 3757 390 3819 quae
418 3733 535 3797 deinde
560 3735 670 3797 multis
696 3749 880 3821 temporum
906 3734 1201 3822 opportunitatibus

142 3832 259 3894 «toties
278 3834 397 3895 reculta
417 3851 574 3921 auctaque
590 3850 685 3915 sunt,
703 3851 740 3925 ut
757 3835 844 3898 nulla
857 3835 984 3900 Graeeiae
1001 3835 1110 3899 civitas
1127 3836 1201 3923 plu·

140 3932 252 3994 nribus
272 3933 502 4019 imperatorum
518 3951 700 3998 vestrorum
720 3951 914 4022 senatusque
933 3933 1119 3998 honorificis
1143 3934 1201 3998 de·

140 4064 151 4103 q·
162 4032 256 4095 eretis
276 4032 405 4118 gloriari
423 4034 533 4119 possit.
552 4035 687 4098 Nullum
711 4037 798 4099 enim
821 4035 922 4098 ferme
941 4035 974 4096 in
990 4035 1197 4114 Macedonia,

175 4266 191 4330 5
208 4268 317 4315 XXXII.
337 4269 426 4331 Juptin.
447 4295 480 4304 —
500 4266 562 4315 Plin.
581 4293 615 4304 -
633 4267 719 4315 Elian.
734 4296 767 4305 --
781 4270 882 4317 Paean.
897 4269 940 4315 lib.
956 4272 974 4316 1.
989 4296 1022 4306 -
1040 4269 1056 4335 §
1072 4270 1196 4316 mm.

141 4352 209 4414 Virg.
224 4353 314 4414 Georg.
327 4353 378 4409 III,
395 4353 452 4398 113.
468 4379 502 4387 —
515 4352 578 4400 Plin.
594 4378 629 4388 -
643 4351 730 4400 AEliau.
745 4380 778 4388 —
791 4351 891 4407 Pollux,
902 4350 945 4397 lib.
957 4353 1002 4400 IX.
1018 4378 1051 4388 —-
1064 4353 1155 4400 lustin.
1166 4375 1200 4386 —-

141 4435 192 4481 (lic.
205 4449 250 4497 pro
261 4433 360 4495 Flacco,
377 4452 431 4499 cap.
444 4434 492 4493 αδ,
505 4434 568 4483 etde
578 4436 645 4483 Orat.
658 4437 683 4494 I,
694 4436 734 4488 ts.
744 4461 777 4471 --
789 4435 841 4481 niv.
854 4435 907 4491 111,
922 4434 962 4488 34.
