<?xml version="1.0" encoding="UTF-8"?>
<!DOCTYPE html PUBLIC "-//W3C//DTD XHTML 1.0 Transitional//EN"
    "http://www.w3.org/TR/xhtml1/DTD/xhtml1-transitional.dtd">
<html xmlns="http://www.w3.org/1999/xhtml" xml:lang="en" lang="en">
 <head>
  <title>
</title>
<meta http-equiv="Content-Type" content="text/html;charset=utf-8" />
  <meta name='ocr-system' content='tesseract 3.04.00' />
  <meta name='ocr-capabilities' content='ocr_page ocr_carea ocr_par ocr_line ocrx_word'/>
</head>
<body>
  <div class='ocr_page' id='page_1' title='image "./titusliviuspata01freigoog_0107.png"; bbox 0 0 2670 5018; ppageno 0'>
   <div class='ocr_carea' id='block_1_1' title="bbox 190 793 1075 899">
    <p class='ocr_par' dir='ltr' id='par_1_1' title="bbox 190 793 1075 899">
     <span class='ocr_line' id='line_1_1' title="bbox 190 793 1075 899; baseline -0.005 -25"><span class='ocrx_word' id='word_1_1' title='bbox 190 805 238 899; x_wconf 69' lang='lat'><strong>9⁸</strong></span> <span class='ocrx_word' id='word_1_2' title='bbox 365 793 798 873; x_wconf 79' lang='lat' dir='ltr'><strong>Jo.rnn1nsnan11</strong></span> <span class='ocrx_word' id='word_1_3' title='bbox 828 797 1075 872; x_wconf 80' lang='lat' dir='ltr'><strong>snrrcnn.</strong></span> 
     </span>
    </p>
   </div>
   <div class='ocr_carea' id='block_1_2' title="bbox 187 921 1265 4371">
    <p class='ocr_par' dir='ltr' id='par_1_2' title="bbox 190 921 1262 1730">
     <span class='ocr_line' id='line_1_2' title="bbox 192 921 1260 1012; baseline 0.003 -25"><span class='ocrx_word' id='word_1_4' title='bbox 192 925 282 988; x_wconf 92' lang='lat' dir='ltr'><strong>nullo</strong></span> <span class='ocrx_word' id='word_1_5' title='bbox 298 923 406 989; x_wconf 86' lang='lat' dir='ltr'><strong>adhuc</strong></span> <span class='ocrx_word' id='word_1_6' title='bbox 419 921 630 987; x_wconf 89' lang='lat' dir='ltr'><strong>incommodo</strong></span> <span class='ocrx_word' id='word_1_7' title='bbox 643 924 815 987; x_wconf 90' lang='lat' dir='ltr'><strong>imminuta</strong></span> <span class='ocrx_word' id='word_1_8' title='bbox 827 923 972 1012; x_wconf 80' lang='lat' dir='ltr'><strong>agmina,</strong></span> <span class='ocrx_word' id='word_1_9' title='bbox 987 938 1020 986; x_wconf 91' lang='lat' dir='ltr'><strong>et</strong></span> <span class='ocrx_word' id='word_1_10' title='bbox 1030 944 1104 1010; x_wconf 75' lang='lat' dir='ltr'><strong>quae</strong></span> <span class='ocrx_word' id='word_1_11' title='bbox 1117 922 1260 990; x_wconf 81' lang='lat' dir='ltr'>subinde</span> 
     </span>
     <span class='ocr_line' id='line_1_3' title="bbox 190 1022 1258 1108; baseline 0.001 -18"><span class='ocrx_word' id='word_1_12' title='bbox 190 1025 393 1090; x_wconf 84' lang='lat' dir='ltr'><strong>Mithridates</strong></span> <span class='ocrx_word' id='word_1_13' title='bbox 415 1024 643 1107; x_wconf 87' lang='lat' dir='ltr'><strong>submittebat,</strong></span> <span class='ocrx_word' id='word_1_14' title='bbox 663 1025 789 1089; x_wconf 84' lang='lat' dir='ltr'><strong>&#39;l&#39;axiles</strong></span> <span class='ocrx_word' id='word_1_15' title='bbox 808 1046 826 1088; x_wconf 88' lang='lat' dir='ltr'><strong>e</strong></span> <span class='ocrx_word' id='word_1_16' title='bbox 845 1022 1039 1088; x_wconf 86' lang='lat' dir='ltr'><strong>Macedonia</strong></span> <span class='ocrx_word' id='word_1_17' title='bbox 1058 1022 1258 1108; x_wconf 82' lang='lat' dir='ltr'><strong>adduxerat3</strong></span> 
     </span>
     <span class='ocr_line' id='line_1_4' title="bbox 191 1126 1258 1216; baseline 0.002 -25"><span class='ocrx_word' id='word_1_18' title='bbox 191 1129 223 1191; x_wconf 93' lang='lat' dir='ltr'><strong>in</strong></span> <span class='ocrx_word' id='word_1_19' title='bbox 240 1129 428 1192; x_wconf 89' lang='lat' dir='ltr'><strong>universum</strong></span> <span class='ocrx_word' id='word_1_20' title='bbox 448 1128 622 1192; x_wconf 92' lang='lat' dir='ltr'><strong>hominum</strong></span> <span class='ocrx_word' id='word_1_21' title='bbox 639 1128 739 1194; x_wconf 90' lang='lat' dir='ltr'><strong>millia</strong></span> <span class='ocrx_word' id='word_1_22' title='bbox 761 1144 894 1192; x_wconf 88' lang='lat' dir='ltr'><strong>centum</strong></span> <span class='ocrx_word' id='word_1_23' title='bbox 910 1126 1024 1216; x_wconf 81' lang='lat' dir='ltr'><strong>viginti</strong></span> <span class='ocrx_word' id='word_1_24' title='bbox 1040 1128 1258 1193; x_wconf 88' lang='lat' dir='ltr'><strong>numeraban-</strong></span> 
     </span>
     <span class='ocr_line' id='line_1_5' title="bbox 192 1229 1260 1319; baseline 0.003 -27"><span class='ocrx_word' id='word_1_25' title='bbox 192 1246 260 1311; x_wconf 88' lang='lat' dir='ltr'><strong>tur,</strong></span> <span class='ocrx_word' id='word_1_26' title='bbox 279 1231 377 1293; x_wconf 82' lang='lat' dir='ltr'><strong>mixta</strong></span> <span class='ocrx_word' id='word_1_27' title='bbox 390 1253 407 1293; x_wconf 98' lang='lat' dir='ltr'><strong>e</strong></span> <span class='ocrx_word' id='word_1_28' title='bbox 419 1230 514 1293; x_wconf 89' lang='lat' dir='ltr'><strong>variis</strong></span> <span class='ocrx_word' id='word_1_29' title='bbox 531 1230 684 1319; x_wconf 84' lang='lat' dir='ltr'><strong>gentibus</strong></span> <span class='ocrx_word' id='word_1_30' title='bbox 697 1230 791 1294; x_wconf 90' lang='lat' dir='ltr'><strong>acies.</strong></span> <span class='ocrx_word' id='word_1_31' title='bbox 807 1229 947 1294; x_wconf 84' lang='lat' dir='ltr'><strong>Thraces</strong></span> <span class='ocrx_word' id='word_1_32' title='bbox 963 1229 1111 1319; x_wconf 86' lang='lat' dir='ltr'><strong>plerique</strong></span> <span class='ocrx_word' id='word_1_33' title='bbox 1127 1247 1160 1295; x_wconf 88' lang='lat' dir='ltr'><strong>et</strong></span> <span class='ocrx_word' id='word_1_34' title='bbox 1173 1231 1260 1295; x_wconf 89' lang='lat' dir='ltr'><strong>Pon·</strong></span> 
     </span>
     <span class='ocr_line' id='line_1_6' title="bbox 191 1331 1261 1423; baseline 0.004 -29"><span class='ocrx_word' id='word_1_35' title='bbox 191 1331 263 1412; x_wconf 91' lang='lat' dir='ltr'><strong>tici,</strong></span> <span class='ocrx_word' id='word_1_36' title='bbox 276 1331 537 1420; x_wconf 82' lang='lat' dir='ltr'><strong>Scytharumque</strong></span> <span class='ocrx_word' id='word_1_37' title='bbox 550 1347 583 1395; x_wconf 92' lang='lat' dir='ltr'><strong>et</strong></span> <span class='ocrx_word' id='word_1_38' title='bbox 592 1331 866 1423; x_wconf 79' lang='lat' dir='ltr'><strong>Gallograecorum</strong></span> <span class='ocrx_word' id='word_1_39' title='bbox 879 1332 1012 1414; x_wconf 81' lang='lat' dir='ltr'><strong>auxilia,</strong></span> <span class='ocrx_word' id='word_1_40' title='bbox 1025 1348 1096 1396; x_wconf 91' lang='lat' dir='ltr'><strong>turn</strong></span> <span class='ocrx_word' id='word_1_41' title='bbox 1109 1355 1150 1397; x_wconf 83' lang='lat' dir='ltr'><strong>ex</strong></span> <span class='ocrx_word' id='word_1_42' title='bbox 1160 1334 1261 1423; x_wconf 84' lang='lat' dir='ltr'><strong>Phry·</strong></span> 
     </span>
     <span class='ocr_line' id='line_1_7' title="bbox 190 1435 1259 1526; baseline 0.003 -29"><span class='ocrx_word' id='word_1_43' title='bbox 190 1436 266 1525; x_wconf 82' lang='lat' dir='ltr'><strong>giae,</strong></span> <span class='ocrx_word' id='word_1_44' title='bbox 292 1435 452 1524; x_wconf 73' lang='lat' dir='ltr'><strong>Bithyniae</strong></span> <span class='ocrx_word' id='word_1_45' title='bbox 475 1450 730 1524; x_wconf 70' lang='lat' dir='ltr'><strong>caeterarumque</strong></span> <span class='ocrx_word' id='word_1_46' title='bbox 758 1435 1019 1523; x_wconf 86' lang='lat' dir='ltr'><strong>provinciarum,</strong></span> <span class='ocrx_word' id='word_1_47' title='bbox 1045 1457 1117 1522; x_wconf 90' lang='lat' dir='ltr'><strong>quae</strong></span> <span class='ocrx_word' id='word_1_48' title='bbox 1140 1435 1259 1526; x_wconf 83' lang='lat' dir='ltr'><strong>jugum</strong></span> 
     </span>
     <span class='ocr_line' id='line_1_8' title="bbox 191 1535 1262 1627; baseline -0.001 -27"><span class='ocrx_word' id='word_1_49' title='bbox 191 1538 276 1627; x_wconf 83' lang='lat' dir='ltr'><strong>regis</strong></span> <span class='ocrx_word' id='word_1_50' title='bbox 297 1553 505 1625; x_wconf 82' lang='lat' dir='ltr'><strong>acceperant,</strong></span> <span class='ocrx_word' id='word_1_51' title='bbox 527 1535 707 1602; x_wconf 78' lang='lat' dir='ltr'><strong>delentibus</strong></span> <span class='ocrx_word' id='word_1_52' title='bbox 729 1551 839 1600; x_wconf 87' lang='lat' dir='ltr'><strong>coacta</strong></span> <span class='ocrx_word' id='word_1_53' title='bbox 854 1535 1031 1616; x_wconf 83' lang='lat' dir='ltr'><strong>juventus:</strong></span> <span class='ocrx_word' id='word_1_54' title='bbox 1047 1557 1124 1600; x_wconf 91' lang='lat' dir='ltr'><strong>suos</strong></span> <span class='ocrx_word' id='word_1_55' title='bbox 1140 1536 1262 1624; x_wconf 89' lang='lat' dir='ltr'><strong>cuique</strong></span> 
     </span>
     <span class='ocr_line' id='line_1_9' title="bbox 193 1638 1171 1730; baseline 0.001 -28"><span class='ocrx_word' id='word_1_56' title='bbox 193 1640 343 1730; x_wconf 82' lang='lat' dir='ltr'><strong>gentium</strong></span> <span class='ocrx_word' id='word_1_57' title='bbox 360 1639 530 1721; x_wconf 87' lang='lat' dir='ltr'><strong>ductores,</strong></span> <span class='ocrx_word' id='word_1_58' title='bbox 549 1662 684 1704; x_wconf 84' lang='lat' dir='ltr'><strong>summae</strong></span> <span class='ocrx_word' id='word_1_59' title='bbox 697 1639 891 1705; x_wconf 84' lang='lat' dir='ltr'><strong>Archelaum</strong></span> <span class='ocrx_word' id='word_1_60' title='bbox 907 1661 963 1703; x_wconf 85' lang='lat' dir='ltr'><strong>rex</strong></span> <span class='ocrx_word' id='word_1_61' title='bbox 976 1638 1171 1727; x_wconf 72' lang='lat' dir='ltr'><strong>prefecerat.</strong></span> 
     </span>
    </p>

    <p class='ocr_par' dir='ltr' id='par_1_3' title="bbox 187 1740 1262 3052">
     <span class='ocr_line' id='line_1_10' title="bbox 235 1740 1260 1830; baseline -0.002 -24"><span class='ocrx_word' id='word_1_62' title='bbox 235 1742 273 1806; x_wconf 89' lang='lat' dir='ltr'><strong>V.</strong></span> <span class='ocrx_word' id='word_1_63' title='bbox 289 1741 377 1806; x_wconf 88' lang='lat' dir='ltr'><strong>Sulla</strong></span> <span class='ocrx_word' id='word_1_64' title='bbox 389 1742 499 1807; x_wconf 88' lang='lat' dir='ltr'><strong>castris</strong></span> <span class='ocrx_word' id='word_1_65' title='bbox 517 1741 626 1806; x_wconf 89' lang='lat' dir='ltr'><strong>locum</strong></span> <span class='ocrx_word' id='word_1_66' title='bbox 639 1742 674 1805; x_wconf 93' lang='lat' dir='ltr'><strong>in</strong></span> <span class='ocrx_word' id='word_1_67' title='bbox 686 1741 804 1806; x_wconf 81' lang='lat' dir='ltr'><strong>Elateae</strong></span> <span class='ocrx_word' id='word_1_68' title='bbox 816 1740 937 1806; x_wconf 87' lang='lat' dir='ltr'><strong>finibus</strong></span> <span class='ocrx_word' id='word_1_69' title='bbox 950 1758 1096 1829; x_wconf 81' lang='lat' dir='ltr'><strong>ceperat3</strong></span> <span class='ocrx_word' id='word_1_70' title='bbox 1111 1740 1169 1806; x_wconf 86' lang='lat' dir='ltr'><strong>sed</strong></span> <span class='ocrx_word' id='word_1_71' title='bbox 1184 1741 1260 1830; x_wconf 91' lang='lat' dir='ltr'><strong>quia</strong></span> 
     </span>
     <span class='ocr_line' id='line_1_11' title="bbox 190 1840 1261 1932; baseline 0.003 -28"><span class='ocrx_word' id='word_1_72' title='bbox 190 1865 298 1930; x_wconf 88' lang='lat' dir='ltr'><strong>neque</strong></span> <span class='ocrx_word' id='word_1_73' title='bbox 316 1844 423 1924; x_wconf 89' lang='lat' dir='ltr'><strong>collis,</strong></span> <span class='ocrx_word' id='word_1_74' title='bbox 440 1866 539 1932; x_wconf 92' lang='lat' dir='ltr'><strong>quem</strong></span> <span class='ocrx_word' id='word_1_75' title='bbox 556 1840 743 1925; x_wconf 90' lang='lat' dir='ltr'><strong>obtinebat,</strong></span> <span class='ocrx_word' id='word_1_76' title='bbox 763 1842 904 1926; x_wconf 89' lang='lat' dir='ltr'><strong>arduus,</strong></span> <span class='ocrx_word' id='word_1_77' title='bbox 922 1860 954 1907; x_wconf 94' lang='lat' dir='ltr'><strong>et</strong></span> <span class='ocrx_word' id='word_1_78' title='bbox 972 1844 1034 1907; x_wconf 84' lang='lat' dir='ltr'><strong>lata</strong></span> <span class='ocrx_word' id='word_1_79' title='bbox 1052 1844 1174 1907; x_wconf 90' lang='lat' dir='ltr'><strong>circum</strong></span> <span class='ocrx_word' id='word_1_80' title='bbox 1191 1843 1261 1931; x_wconf 87' lang='lat' dir='ltr'><strong>pla·</strong></span> 
     </span>
     <span class='ocr_line' id='line_1_12' title="bbox 190 1943 1260 2033; baseline 0.004 -28"><span class='ocrx_word' id='word_1_81' title='bbox 190 1944 283 2007; x_wconf 90' lang='lat' dir='ltr'><strong>nities</strong></span> <span class='ocrx_word' id='word_1_82' title='bbox 304 1960 390 2024; x_wconf 88' lang='lat' dir='ltr'><strong>erat,</strong></span> <span class='ocrx_word' id='word_1_83' title='bbox 416 1967 521 2032; x_wconf 93' lang='lat' dir='ltr'><strong>quum</strong></span> <span class='ocrx_word' id='word_1_84' title='bbox 542 1967 651 2033; x_wconf 85' lang='lat' dir='ltr'><strong>neque</strong></span> <span class='ocrx_word' id='word_1_85' title='bbox 674 1944 748 2008; x_wconf 89' lang='lat' dir='ltr'><strong>loco</strong></span> <span class='ocrx_word' id='word_1_86' title='bbox 770 1943 901 2028; x_wconf 88' lang='lat' dir='ltr'><strong>fideret,</strong></span> <span class='ocrx_word' id='word_1_87' title='bbox 917 1960 958 2009; x_wconf 85' lang='lat' dir='ltr'><strong>et</strong></span> <span class='ocrx_word' id='word_1_88' title='bbox 981 1945 1093 2009; x_wconf 87' lang='lat' dir='ltr'><strong>terreri</strong></span> <span class='ocrx_word' id='word_1_89' title='bbox 1115 1945 1260 2009; x_wconf 83' lang='lat' dir='ltr'><strong>hostiurn</strong></span> 
     </span>
     <span class='ocr_line' id='line_1_13' title="bbox 189 2046 1259 2126; baseline 0.004 -18"><span class='ocrx_word' id='word_1_90' title='bbox 189 2046 399 2110; x_wconf 89' lang='lat' dir='ltr'><strong>multitudine</strong></span> <span class='ocrx_word' id='word_1_91' title='bbox 412 2047 684 2112; x_wconf 88' lang='lat' dir='ltr'><strong>animadverteret</strong></span> <span class='ocrx_word' id='word_1_92' title='bbox 694 2069 787 2126; x_wconf 91' lang='lat' dir='ltr'><strong>suos,</strong></span> <span class='ocrx_word' id='word_1_93' title='bbox 803 2047 887 2111; x_wconf 90' lang='lat' dir='ltr'><strong>intra</strong></span> <span class='ocrx_word' id='word_1_94' title='bbox 903 2047 1019 2111; x_wconf 86' lang='lat' dir='ltr'><strong>vallum</strong></span> <span class='ocrx_word' id='word_1_95' title='bbox 1033 2069 1068 2112; x_wconf 87' lang='lat' dir='ltr'><strong>se</strong></span> <span class='ocrx_word' id='word_1_96' title='bbox 1084 2047 1259 2112; x_wconf 83' lang='lat' dir='ltr'><strong>continuit.</strong></span> 
     </span>
     <span class='ocr_line' id='line_1_14' title="bbox 189 2145 1260 2237; baseline 0.003 -28"><span class='ocrx_word' id='word_1_97' title='bbox 189 2145 227 2210; x_wconf 90' lang='lat' dir='ltr'><strong>Id</strong></span> <span class='ocrx_word' id='word_1_98' title='bbox 239 2169 343 2234; x_wconf 92' lang='lat' dir='ltr'><strong>quum</strong></span> <span class='ocrx_word' id='word_1_99' title='bbox 355 2149 519 2213; x_wconf 90' lang='lat' dir='ltr'><strong>continuis</strong></span> <span class='ocrx_word' id='word_1_100' title='bbox 531 2149 656 2237; x_wconf 86' lang='lat' dir='ltr'><strong>aliquot</strong></span> <span class='ocrx_word' id='word_1_101' title='bbox 668 2148 784 2214; x_wconf 89' lang='lat' dir='ltr'><strong>diebus</strong></span> <span class='ocrx_word' id='word_1_102' title='bbox 798 2149 978 2214; x_wconf 87' lang='lat' dir='ltr'><strong>factitatum</strong></span> <span class='ocrx_word' id='word_1_103' title='bbox 993 2166 1094 2229; x_wconf 92' lang='lat' dir='ltr'><strong>esset,</strong></span> <span class='ocrx_word' id='word_1_104' title='bbox 1112 2165 1260 2214; x_wconf 88' lang='lat' dir='ltr'><strong>contem·</strong></span> 
     </span>
     <span class='ocr_line' id='line_1_15' title="bbox 189 2250 1260 2340; baseline 0.001 -29"><span class='ocrx_word' id='word_1_105' title='bbox 189 2271 268 2313; x_wconf 90' lang='lat' dir='ltr'><strong>nere</strong></span> <span class='ocrx_word' id='word_1_106' title='bbox 286 2250 414 2314; x_wconf 87' lang='lat' dir='ltr'><strong>hostem</strong></span> <span class='ocrx_word' id='word_1_107' title='bbox 435 2251 515 2340; x_wconf 84' lang='lat' dir='ltr'><strong>regii</strong></span> <span class='ocrx_word' id='word_1_108' title='bbox 535 2265 721 2339; x_wconf 89' lang='lat' dir='ltr'><strong>coeperunt,</strong></span> <span class='ocrx_word' id='word_1_109' title='bbox 740 2267 790 2333; x_wconf 88' lang='lat' dir='ltr'><strong>et,</strong></span> <span class='ocrx_word' id='word_1_110' title='bbox 809 2273 876 2338; x_wconf 93' lang='lat' dir='ltr'><strong>quo</strong></span> <span class='ocrx_word' id='word_1_111' title='bbox 900 2250 1023 2314; x_wconf 90' lang='lat' dir='ltr'><strong>ferebat</strong></span> <span class='ocrx_word' id='word_1_112' title='bbox 1043 2251 1190 2330; x_wconf 91' lang='lat' dir='ltr'><strong>animus,</strong></span> <span class='ocrx_word' id='word_1_113' title='bbox 1210 2250 1260 2314; x_wconf 90' lang='lat' dir='ltr'><strong>in-</strong></span> 
     </span>
     <span class='ocr_line' id='line_1_16' title="bbox 187 2349 1261 2441; baseline 0.001 -27"><span class='ocrx_word' id='word_1_114' title='bbox 187 2349 282 2430; x_wconf 90' lang='lat' dir='ltr'><strong>jussu</strong></span> <span class='ocrx_word' id='word_1_115' title='bbox 299 2352 421 2416; x_wconf 87' lang='lat' dir='ltr'><strong>ducum</strong></span> <span class='ocrx_word' id='word_1_116' title='bbox 443 2352 633 2439; x_wconf 90' lang='lat' dir='ltr'><strong>pabulatum</strong></span> <span class='ocrx_word' id='word_1_117' title='bbox 650 2375 831 2416; x_wconf 81' lang='lat' dir='ltr'><strong>excurrere.</strong></span> <span class='ocrx_word' id='word_1_118' title='bbox 849 2353 1039 2441; x_wconf 83' lang='lat' dir='ltr'><strong>Panopeunr</strong></span> <span class='ocrx_word' id='word_1_119' title='bbox 1060 2354 1191 2417; x_wconf 82' lang='lat' dir='ltr'><strong>Boeotiae</strong></span> <span class='ocrx_word' id='word_1_120' title='bbox 1207 2376 1261 2415; x_wconf 87' lang='lat' dir='ltr'><strong>ur·</strong></span> 
     </span>
     <span class='ocr_line' id='line_1_17' title="bbox 190 2451 1260 2541; baseline 0.003 -26"><span class='ocrx_word' id='word_1_121' title='bbox 190 2451 266 2516; x_wconf 92' lang='lat' dir='ltr'><strong>bem</strong></span> <span class='ocrx_word' id='word_1_122' title='bbox 294 2455 363 2518; x_wconf 89' lang='lat' dir='ltr'><strong>sine</strong></span> <span class='ocrx_word' id='word_1_123' title='bbox 389 2470 477 2517; x_wconf 90' lang='lat' dir='ltr'><strong>certo</strong></span> <span class='ocrx_word' id='word_1_124' title='bbox 505 2453 642 2541; x_wconf 88' lang='lat' dir='ltr'><strong>imperio</strong></span> <span class='ocrx_word' id='word_1_125' title='bbox 669 2469 740 2518; x_wconf 88' lang='lat' dir='ltr'><strong>turn</strong></span> <span class='ocrx_word' id='word_1_126' title='bbox 766 2453 904 2519; x_wconf 84' lang='lat' dir='ltr'><strong>deletam</strong></span> <span class='ocrx_word' id='word_1_127' title='bbox 929 2455 1057 2537; x_wconf 81' lang='lat' dir='ltr'><strong>ferunt3</strong></span> <span class='ocrx_word' id='word_1_128' title='bbox 1080 2454 1260 2518; x_wconf 88' lang='lat' dir='ltr'><strong>Lebadeam</strong></span> 
     </span>
     <span class='ocr_line' id='line_1_18' title="bbox 191 2554 1260 2644; baseline 0.003 -27"><span class='ocrx_word' id='word_1_129' title='bbox 191 2576 266 2617; x_wconf 91' lang='lat' dir='ltr'><strong>cum</strong></span> <span class='ocrx_word' id='word_1_130' title='bbox 286 2555 404 2619; x_wconf 87' lang='lat' dir='ltr'><strong>celebri</strong></span> <span class='ocrx_word' id='word_1_131' title='bbox 419 2554 601 2642; x_wconf 90' lang='lat' dir='ltr'><strong>Trophonii</strong></span> <span class='ocrx_word' id='word_1_132' title='bbox 621 2556 752 2620; x_wconf 88' lang='lat' dir='ltr'><strong>oraculo</strong></span> <span class='ocrx_word' id='word_1_133' title='bbox 770 2555 939 2644; x_wconf 88' lang='lat' dir='ltr'><strong>direptam.</strong></span> <span class='ocrx_word' id='word_1_134' title='bbox 955 2557 1093 2620; x_wconf 86' lang='lat' dir='ltr'><strong>Dolebat</strong></span> <span class='ocrx_word' id='word_1_135' title='bbox 1109 2557 1143 2619; x_wconf 93' lang='lat' dir='ltr'><strong>in</strong></span> <span class='ocrx_word' id='word_1_136' title='bbox 1158 2558 1260 2620; x_wconf 89' lang='lat' dir='ltr'><strong>oculis</strong></span> 
     </span>
     <span class='ocr_line' id='line_1_19' title="bbox 192 2656 1261 2745; baseline 0.004 -27"><span class='ocrx_word' id='word_1_137' title='bbox 192 2658 258 2719; x_wconf 90' lang='lat' dir='ltr'><strong>suis</strong></span> <span class='ocrx_word' id='word_1_138' title='bbox 275 2658 421 2720; x_wconf 81' lang='lat' dir='ltr'><strong>fortunas</strong></span> <span class='ocrx_word' id='word_1_139' title='bbox 440 2658 604 2721; x_wconf 92' lang='lat' dir='ltr'><strong>sociorum</strong></span> <span class='ocrx_word' id='word_1_140' title='bbox 623 2656 719 2745; x_wconf 87' lang='lat' dir='ltr'><strong>diripi</strong></span> <span class='ocrx_word' id='word_1_141' title='bbox 736 2659 842 2738; x_wconf 90' lang='lat' dir='ltr'><strong>Sulla,</strong></span> <span class='ocrx_word' id='word_1_142' title='bbox 859 2659 917 2722; x_wconf 91' lang='lat' dir='ltr'><strong>sed</strong></span> <span class='ocrx_word' id='word_1_143' title='bbox 936 2660 1070 2723; x_wconf 90' lang='lat' dir='ltr'><strong>militem</strong></span> <span class='ocrx_word' id='word_1_144' title='bbox 1086 2658 1261 2724; x_wconf 90' lang='lat' dir='ltr'><strong>formidine</strong></span> 
     </span>
     <span class='ocr_line' id='line_1_20' title="bbox 191 2759 1262 2841; baseline 0.004 -21"><span class='ocrx_word' id='word_1_145' title='bbox 191 2759 341 2822; x_wconf 88' lang='lat' dir='ltr'><strong>nondum</strong></span> <span class='ocrx_word' id='word_1_146' title='bbox 355 2759 527 2824; x_wconf 90' lang='lat' dir='ltr'><strong>liberatum</strong></span> <span class='ocrx_word' id='word_1_147' title='bbox 545 2760 712 2824; x_wconf 86' lang='lat' dir='ltr'><strong>certamini</strong></span> <span class='ocrx_word' id='word_1_148' title='bbox 731 2782 799 2823; x_wconf 93' lang='lat' dir='ltr'><strong>non</strong></span> <span class='ocrx_word' id='word_1_149' title='bbox 814 2760 955 2825; x_wconf 87' lang='lat' dir='ltr'><strong>audebat</strong></span> <span class='ocrx_word' id='word_1_150' title='bbox 968 2761 1129 2841; x_wconf 88' lang='lat' dir='ltr'><strong>objicere:</strong></span> <span class='ocrx_word' id='word_1_151' title='bbox 1143 2761 1262 2825; x_wconf 87' lang='lat' dir='ltr'><strong>labori·</strong></span> 
     </span>
     <span class='ocr_line' id='line_1_21' title="bbox 191 2860 1262 2951; baseline 0.003 -28"><span class='ocrx_word' id='word_1_152' title='bbox 191 2860 254 2923; x_wconf 92' lang='lat' dir='ltr'><strong>bus</strong></span> <span class='ocrx_word' id='word_1_153' title='bbox 275 2883 353 2950; x_wconf 84' lang='lat' dir='ltr'><strong>ergo</strong></span> <span class='ocrx_word' id='word_1_154' title='bbox 376 2877 475 2949; x_wconf 89' lang='lat' dir='ltr'><strong>atque</strong></span> <span class='ocrx_word' id='word_1_155' title='bbox 500 2884 638 2949; x_wconf 88' lang='lat' dir='ltr'><strong>operum</strong></span> <span class='ocrx_word' id='word_1_156' title='bbox 664 2862 759 2926; x_wconf 77' lang='lat' dir='ltr'><strong>taedio</strong></span> <span class='ocrx_word' id='word_1_157' title='bbox 786 2862 923 2950; x_wconf 89' lang='lat' dir='ltr'><strong>putabat</strong></span> <span class='ocrx_word' id='word_1_158' title='bbox 944 2862 1061 2928; x_wconf 91' lang='lat' dir='ltr'><strong>adduci</strong></span> <span class='ocrx_word' id='word_1_159' title='bbox 1085 2886 1199 2951; x_wconf 85' lang='lat' dir='ltr'><strong>posse,</strong></span> <span class='ocrx_word' id='word_1_160' title='bbox 1225 2879 1262 2926; x_wconf 90' lang='lat' dir='ltr'><strong>ut</strong></span> 
     </span>
     <span class='ocr_line' id='line_1_22' title="bbox 190 2963 667 3052; baseline 0.004 -27"><span class='ocrx_word' id='word_1_161' title='bbox 190 2963 302 3048; x_wconf 89' lang='lat' dir='ltr'><strong>potius</strong></span> <span class='ocrx_word' id='word_1_162' title='bbox 321 2986 466 3052; x_wconf 83' lang='lat' dir='ltr'><strong>pugnam</strong></span> <span class='ocrx_word' id='word_1_163' title='bbox 485 2980 667 3051; x_wconf 88' lang='lat' dir='ltr'><strong>poscerent.</strong></span> 
     </span>
    </p>

    <p class='ocr_par' dir='ltr' id='par_1_4' title="bbox 192 3063 1265 4268">
     <span class='ocr_line' id='line_1_23' title="bbox 235 3063 1260 3156; baseline 0.005 -31"><span class='ocrx_word' id='word_1_164' title='bbox 235 3064 290 3127; x_wconf 92' lang='lat' dir='ltr'><strong>VI.</strong></span> <span class='ocrx_word' id='word_1_165' title='bbox 306 3066 395 3152; x_wconf 90' lang='lat' dir='ltr'><strong>lpse,</strong></span> <span class='ocrx_word' id='word_1_166' title='bbox 413 3065 517 3128; x_wconf 86' lang='lat' dir='ltr'><strong>missis</strong></span> <span class='ocrx_word' id='word_1_167' title='bbox 532 3063 573 3128; x_wconf 90' lang='lat' dir='ltr'><strong>ad</strong></span> <span class='ocrx_word' id='word_1_168' title='bbox 589 3066 783 3129; x_wconf 81' lang='lat' dir='ltr'><strong>Archelaum</strong></span> <span class='ocrx_word' id='word_1_169' title='bbox 801 3067 931 3156; x_wconf 82' lang='lat' dir='ltr'><strong>legatis,</strong></span> <span class='ocrx_word' id='word_1_170' title='bbox 949 3067 1036 3154; x_wconf 88' lang='lat' dir='ltr'><strong>pacis</strong></span> <span class='ocrx_word' id='word_1_171' title='bbox 1058 3067 1260 3131; x_wconf 89' lang='lat' dir='ltr'><strong>mentionem</strong></span> 
     </span>
     <span class='ocr_line' id='line_1_24' title="bbox 193 3166 1260 3256; baseline 0.003 -28"><span class='ocrx_word' id='word_1_172' title='bbox 193 3166 404 3252; x_wconf 86' lang='lat' dir='ltr'><strong>interposuit,</strong></span> <span class='ocrx_word' id='word_1_173' title='bbox 422 3166 568 3230; x_wconf 86' lang='lat' dir='ltr'><strong>inducias</strong></span> <span class='ocrx_word' id='word_1_174' title='bbox 588 3189 719 3255; x_wconf 89' lang='lat' dir='ltr'><strong>quoque</strong></span> <span class='ocrx_word' id='word_1_175' title='bbox 738 3183 869 3255; x_wconf 89' lang='lat' dir='ltr'><strong>pactus,</strong></span> <span class='ocrx_word' id='word_1_176' title='bbox 884 3191 951 3256; x_wconf 89' lang='lat' dir='ltr'><strong>quo</strong></span> <span class='ocrx_word' id='word_1_177' title='bbox 973 3167 1171 3231; x_wconf 88' lang='lat' dir='ltr'><strong>securiorem</strong></span> <span class='ocrx_word' id='word_1_178' title='bbox 1190 3166 1260 3231; x_wconf 89' lang='lat' dir='ltr'><strong>effi·</strong></span> 
     </span>
     <span class='ocr_line' id='line_1_25' title="bbox 193 3267 1258 3357; baseline 0.004 -29"><span class='ocrx_word' id='word_1_179' title='bbox 193 3283 280 3329; x_wconf 89' lang='lat' dir='ltr'><strong>ceret</strong></span> <span class='ocrx_word' id='word_1_180' title='bbox 295 3267 438 3348; x_wconf 92' lang='lat' dir='ltr'><strong>hostem,</strong></span> <span class='ocrx_word' id='word_1_181' title='bbox 456 3283 488 3357; x_wconf 78' lang='lat' dir='ltr'><strong>ct</strong></span> <span class='ocrx_word' id='word_1_182' title='bbox 505 3282 608 3330; x_wconf 90' lang='lat' dir='ltr'><strong>castra</strong></span> <span class='ocrx_word' id='word_1_183' title='bbox 626 3290 683 3331; x_wconf 88' lang='lat' dir='ltr'><strong>sua</strong></span> <span class='ocrx_word' id='word_1_184' title='bbox 702 3269 734 3331; x_wconf 94' lang='lat' dir='ltr'><strong>in</strong></span> <span class='ocrx_word' id='word_1_185' title='bbox 754 3269 910 3333; x_wconf 89' lang='lat' dir='ltr'><strong>tutiorem</strong></span> <span class='ocrx_word' id='word_1_186' title='bbox 926 3269 1036 3333; x_wconf 89' lang='lat' dir='ltr'><strong>locum</strong></span> <span class='ocrx_word' id='word_1_187' title='bbox 1052 3268 1258 3334; x_wconf 84' lang='lat' dir='ltr'><strong>transferret:</strong></span> 
     </span>
     <span class='ocr_line' id='line_1_26' title="bbox 193 3368 1260 3454; baseline 0.004 -24"><span class='ocrx_word' id='word_1_188' title='bbox 193 3368 325 3454; x_wconf 89' lang='lat' dir='ltr'><strong>utrique</strong></span> <span class='ocrx_word' id='word_1_189' title='bbox 342 3370 478 3432; x_wconf 90' lang='lat' dir='ltr'><strong>consilio</strong></span> <span class='ocrx_word' id='word_1_190' title='bbox 495 3369 591 3432; x_wconf 91' lang='lat' dir='ltr'><strong>sicuti</strong></span> <span class='ocrx_word' id='word_1_191' title='bbox 610 3371 693 3432; x_wconf 91' lang='lat' dir='ltr'><strong>ratio</strong></span> <span class='ocrx_word' id='word_1_192' title='bbox 715 3369 869 3451; x_wconf 86' lang='lat' dir='ltr'><strong>affuerat,</strong></span> <span class='ocrx_word' id='word_1_193' title='bbox 887 3373 1018 3435; x_wconf 90' lang='lat' dir='ltr'><strong>fortuna</strong></span> <span class='ocrx_word' id='word_1_194' title='bbox 1040 3387 1072 3435; x_wconf 87' lang='lat' dir='ltr'><strong>et</strong></span> <span class='ocrx_word' id='word_1_195' title='bbox 1092 3393 1260 3435; x_wconf 83' lang='lat' dir='ltr'><strong>successus</strong></span> 
     </span>
     <span class='ocr_line' id='line_1_27' title="bbox 192 3469 1261 3559; baseline 0.003 -26"><span class='ocrx_word' id='word_1_196' title='bbox 192 3471 369 3534; x_wconf 86' lang='lat' dir='ltr'><strong>affuerunt.</strong></span> <span class='ocrx_word' id='word_1_197' title='bbox 381 3471 491 3533; x_wconf 83' lang='lat' dir='ltr'><strong>Tertio</strong></span> <span class='ocrx_word' id='word_1_198' title='bbox 505 3469 575 3550; x_wconf 91' lang='lat' dir='ltr'><strong>die,</strong></span> <span class='ocrx_word' id='word_1_199' title='bbox 590 3487 764 3558; x_wconf 89' lang='lat' dir='ltr'><strong>postquam</strong></span> <span class='ocrx_word' id='word_1_200' title='bbox 776 3471 954 3536; x_wconf 83' lang='lat' dir='ltr'><strong>derivando</strong></span> <span class='ocrx_word' id='word_1_201' title='bbox 964 3471 1094 3559; x_wconf 88' lang='lat' dir='ltr'><strong>Cephisi</strong></span> <span class='ocrx_word' id='word_1_202' title='bbox 1107 3470 1261 3552; x_wconf 85' lang='lat' dir='ltr'><strong>flumine,</strong></span> 
     </span>
     <span class='ocr_line' id='line_1_28' title="bbox 192 3570 1262 3662; baseline -0.001 -27"><span class='ocrx_word' id='word_1_203' title='bbox 192 3571 353 3658; x_wconf 86' lang='lat' dir='ltr'><strong>fossisque</strong></span> <span class='ocrx_word' id='word_1_204' title='bbox 378 3570 535 3635; x_wconf 90' lang='lat' dir='ltr'><strong>ducendis</strong></span> <span class='ocrx_word' id='word_1_205' title='bbox 559 3572 684 3660; x_wconf 84' lang='lat' dir='ltr'><strong>fatigari</strong></span> <span class='ocrx_word' id='word_1_206' title='bbox 704 3590 886 3659; x_wconf 84' lang='lat' dir='ltr'><strong>coeperant,</strong></span> <span class='ocrx_word' id='word_1_207' title='bbox 904 3588 1152 3662; x_wconf 77' lang='lat' dir='ltr'><strong>praetereuntem</strong></span> <span class='ocrx_word' id='word_1_208' title='bbox 1179 3576 1262 3637; x_wconf 89' lang='lat' dir='ltr'><strong>forte</strong></span> 
     </span>
     <span class='ocr_line' id='line_1_29' title="bbox 192 3673 1261 3763; baseline 0.001 -27"><span class='ocrx_word' id='word_1_209' title='bbox 192 3673 313 3737; x_wconf 90' lang='lat' dir='ltr'><strong>Sullam</strong></span> <span class='ocrx_word' id='word_1_210' title='bbox 327 3696 444 3762; x_wconf 85' lang='lat' dir='ltr'><strong>magno</strong></span> <span class='ocrx_word' id='word_1_211' title='bbox 457 3695 533 3735; x_wconf 89' lang='lat' dir='ltr'><strong>cum</strong></span> <span class='ocrx_word' id='word_1_212' title='bbox 546 3674 686 3736; x_wconf 89' lang='lat' dir='ltr'><strong>clamore</strong></span> <span class='ocrx_word' id='word_1_213' title='bbox 699 3673 846 3759; x_wconf 86' lang='lat' dir='ltr'><strong>praelium</strong></span> <span class='ocrx_word' id='word_1_214' title='bbox 859 3690 1091 3763; x_wconf 91' lang='lat' dir='ltr'><strong>poposcerunt.</strong></span> <span class='ocrx_word' id='word_1_215' title='bbox 1105 3674 1179 3756; x_wconf 92' lang='lat' dir='ltr'><strong>llle,</strong></span> <span class='ocrx_word' id='word_1_216' title='bbox 1194 3696 1261 3737; x_wconf 92' lang='lat' dir='ltr'><strong>non</strong></span> 
     </span>
     <span class='ocr_line' id='line_1_30' title="bbox 192 3773 1265 3863; baseline 0.001 -27"><span class='ocrx_word' id='word_1_217' title='bbox 192 3796 338 3862; x_wconf 81' lang='lat' dir='ltr'><strong>pugnam</strong></span> <span class='ocrx_word' id='word_1_218' title='bbox 354 3774 571 3861; x_wconf 90' lang='lat' dir='ltr'><strong>cupientium,</strong></span> <span class='ocrx_word' id='word_1_219' title='bbox 588 3773 646 3837; x_wconf 89' lang='lat' dir='ltr'><strong>sed</strong></span> <span class='ocrx_word' id='word_1_220' title='bbox 661 3773 780 3838; x_wconf 89' lang='lat' dir='ltr'><strong>laboris</strong></span> <span class='ocrx_word' id='word_1_221' title='bbox 794 3790 1021 3863; x_wconf 76' lang='lat' dir='ltr'><strong>pertaesorunt,</strong></span> <span class='ocrx_word' id='word_1_222' title='bbox 1040 3774 1131 3837; x_wconf 89' lang='lat' dir='ltr'><strong>hunc</strong></span> <span class='ocrx_word' id='word_1_223' title='bbox 1147 3773 1265 3838; x_wconf 88' lang='lat' dir='ltr'><strong>clamo·</strong></span> 
     </span>
     <span class='ocr_line' id='line_1_31' title="bbox 193 3874 1262 3964; baseline 0.001 -27"><span class='ocrx_word' id='word_1_224' title='bbox 193 3897 262 3937; x_wconf 91' lang='lat' dir='ltr'><strong>rem</strong></span> <span class='ocrx_word' id='word_1_225' title='bbox 280 3874 382 3938; x_wconf 88' lang='lat' dir='ltr'><strong>videri</strong></span> <span class='ocrx_word' id='word_1_226' title='bbox 396 3876 583 3961; x_wconf 88' lang='lat' dir='ltr'><strong>increpans;</strong></span> <span class='ocrx_word' id='word_1_227' title='bbox 600 3905 613 3929; x_wconf 75' lang='grc' dir='ltr'><strong>«ι</strong></span> <span class='ocrx_word' id='word_1_228' title='bbox 624 3876 763 3958; x_wconf 86' lang='lat' dir='ltr'><strong>Tamen,</strong></span> <span class='ocrx_word' id='word_1_229' title='bbox 781 3879 807 3941; x_wconf 91' lang='lat' dir='ltr'><strong>si</strong></span> <span class='ocrx_word' id='word_1_230' title='bbox 821 3878 881 3941; x_wconf 83' lang='lat' dir='ltr'><strong>viri</strong></span> <span class='ocrx_word' id='word_1_231' title='bbox 897 3877 987 3956; x_wconf 89' lang='lat' dir='ltr'><strong>estis,</strong></span> <span class='ocrx_word' id='word_1_232' title='bbox 1006 3874 1134 3964; x_wconf 90' lang='lat' dir='ltr'><strong>inquit,</strong></span> <span class='ocrx_word' id='word_1_233' title='bbox 1150 3898 1192 3938; x_wconf 92' lang='lat' dir='ltr'><strong>en</strong></span> <span class='ocrx_word' id='word_1_234' title='bbox 1204 3899 1262 3938; x_wconf 85' lang='lat' dir='ltr'><strong>vo·</strong></span> 
     </span>
     <span class='ocr_line' id='line_1_32' title="bbox 193 3975 1262 4066; baseline 0.001 -28"><span class='ocrx_word' id='word_1_235' title='bbox 193 3977 265 4039; x_wconf 78' lang='lat' dir='ltr'><strong>«bis</strong></span> <span class='ocrx_word' id='word_1_236' title='bbox 289 3977 416 4057; x_wconf 91' lang='lat' dir='ltr'><strong>locum,</strong></span> <span class='ocrx_word' id='word_1_237' title='bbox 437 3998 535 4063; x_wconf 91' lang='lat' dir='ltr'><strong>quem</strong></span> <span class='ocrx_word' id='word_1_238' title='bbox 556 3977 717 4063; x_wconf 87' lang='lat' dir='ltr'><strong>extemplo</strong></span> <span class='ocrx_word' id='word_1_239' title='bbox 741 3979 905 4066; x_wconf 85' lang='lat' dir='ltr'><strong>capiatis».</strong></span> <span class='ocrx_word' id='word_1_240' title='bbox 924 3977 1028 4041; x_wconf 90' lang='lat' dir='ltr'><strong>Simul</strong></span> <span class='ocrx_word' id='word_1_241' title='bbox 1046 3975 1191 4041; x_wconf 92' lang='lat' dir='ltr'><strong>ostendit</strong></span> <span class='ocrx_word' id='word_1_242' title='bbox 1213 3999 1262 4039; x_wconf 91' lang='lat' dir='ltr'><strong>ar·</strong></span> 
     </span>
     <span class='ocr_line' id='line_1_33' title="bbox 193 4076 1262 4168; baseline -0.003 -27"><span class='ocrx_word' id='word_1_243' title='bbox 193 4077 297 4141; x_wconf 87' lang='lat' dir='ltr'><strong>duum</strong></span> <span class='ocrx_word' id='word_1_244' title='bbox 314 4095 579 4166; x_wconf 82' lang='lat' dir='ltr'><strong>praeruptumque</strong></span> <span class='ocrx_word' id='word_1_245' title='bbox 598 4079 731 4160; x_wconf 91' lang='lat' dir='ltr'><strong>collem,</strong></span> <span class='ocrx_word' id='word_1_246' title='bbox 747 4081 805 4143; x_wconf 91' lang='lat' dir='ltr'><strong>ubi</strong></span> <span class='ocrx_word' id='word_1_247' title='bbox 819 4078 984 4168; x_wconf 90' lang='lat' dir='ltr'><strong>quondam</strong></span> <span class='ocrx_word' id='word_1_248' title='bbox 1003 4078 1044 4142; x_wconf 88' lang='lat' dir='ltr'><strong>ad</strong></span> <span class='ocrx_word' id='word_1_249' title='bbox 1058 4076 1262 4143; x_wconf 86' lang='lat' dir='ltr'><strong>confluentes</strong></span> 
     </span>
     <span class='ocr_line' id='line_1_34' title="bbox 194 4180 1044 4268; baseline 0.001 -26"><span class='ocrx_word' id='word_1_250' title='bbox 194 4182 292 4266; x_wconf 87' lang='lat' dir='ltr'><strong>Asopi</strong></span> <span class='ocrx_word' id='word_1_251' title='bbox 307 4180 502 4268; x_wconf 89' lang='lat' dir='ltr'><strong>Cephisique</strong></span> <span class='ocrx_word' id='word_1_252' title='bbox 517 4201 574 4241; x_wconf 82' lang='lat' dir='ltr'><strong>arx</strong></span> <span class='ocrx_word' id='word_1_253' title='bbox 587 4180 888 4266; x_wconf 88' lang='lat' dir='ltr'><strong>Parapotamiorum</strong></span> <span class='ocrx_word' id='word_1_254' title='bbox 904 4196 1044 4245; x_wconf 90' lang='lat' dir='ltr'><strong>steterat.</strong></span> 
     </span>
    </p>

    <p class='ocr_par' dir='ltr' id='par_1_5' title="bbox 239 4279 1261 4371">
     <span class='ocr_line' id='line_1_35' title="bbox 239 4279 1261 4371; baseline 0.005 -31"><span class='ocrx_word' id='word_1_255' title='bbox 239 4280 310 4345; x_wconf 89' lang='lat' dir='ltr'><strong>Vll.</strong></span> <span class='ocrx_word' id='word_1_256' title='bbox 325 4280 374 4343; x_wconf 94' lang='lat' dir='ltr'><strong>Ad</strong></span> <span class='ocrx_word' id='word_1_257' title='bbox 393 4280 483 4342; x_wconf 92' lang='lat' dir='ltr'><strong>hunc</strong></span> <span class='ocrx_word' id='word_1_258' title='bbox 499 4279 726 4365; x_wconf 91' lang='lat' dir='ltr'><strong>occupandum</strong></span> <span class='ocrx_word' id='word_1_259' title='bbox 745 4281 860 4347; x_wconf 89' lang='lat' dir='ltr'><strong>eodem</strong></span> <span class='ocrx_word' id='word_1_260' title='bbox 879 4298 1026 4371; x_wconf 90' lang='lat' dir='ltr'><strong>tempore</strong></span> <span class='ocrx_word' id='word_1_261' title='bbox 1044 4282 1133 4347; x_wconf 91' lang='lat' dir='ltr'><strong>missi</strong></span> <span class='ocrx_word' id='word_1_262' title='bbox 1147 4282 1189 4347; x_wconf 88' lang='lat' dir='ltr'><strong>ab</strong></span> <span class='ocrx_word' id='word_1_263' title='bbox 1201 4283 1261 4345; x_wconf 94' lang='lat' dir='ltr'><strong>Ar·</strong></span> 
     </span>
    </p>
   </div>
   <div class='ocr_carea' id='block_1_3' title="bbox 194 4496 1271 4649">
    <p class='ocr_par' dir='ltr' id='par_1_6' title="bbox 194 4496 1271 4649">
     <span class='ocr_line' id='line_1_36' title="bbox 229 4496 1262 4566; baseline 0 -21"><span class='ocrx_word' id='word_1_264' title='bbox 229 4498 245 4563; x_wconf 69' lang='grc'>5</span> <span class='ocrx_word' id='word_1_265' title='bbox 259 4499 303 4545; x_wconf 77' lang='lat' dir='ltr'><strong>IV.</strong></span> <span class='ocrx_word' id='word_1_266' title='bbox 316 4499 348 4545; x_wconf 89' lang='lat' dir='ltr'><strong>U.</strong></span> <span class='ocrx_word' id='word_1_267' title='bbox 361 4498 389 4546; x_wconf 90' lang='lat' dir='ltr'><strong>C.</strong></span> <span class='ocrx_word' id='word_1_268' title='bbox 402 4497 468 4556; x_wconf 84' lang='lat'><strong>666;</strong></span> <span class='ocrx_word' id='word_1_269' title='bbox 485 4497 516 4544; x_wconf 86' lang='lat' dir='ltr'><strong>A.</strong></span> <span class='ocrx_word' id='word_1_270' title='bbox 528 4497 556 4546; x_wconf 91' lang='lat' dir='ltr'><strong>C.</strong></span> <span class='ocrx_word' id='word_1_271' title='bbox 570 4499 612 4548; x_wconf 83' lang='grc'><strong>86.</strong></span> <span class='ocrx_word' id='word_1_272' title='bbox 624 4526 659 4536; x_wconf 94' lang='grc'>-</span> <span class='ocrx_word' id='word_1_273' title='bbox 672 4501 834 4559; x_wconf 76' lang='lat' dir='ltr'><strong>Oros.V1,a.</strong></span> <span class='ocrx_word' id='word_1_274' title='bbox 848 4526 883 4538; x_wconf 98' lang='lat'>-</span> <span class='ocrx_word' id='word_1_275' title='bbox 895 4499 1004 4566; x_wconf 77' lang='lat' dir='ltr'><strong>Appiae.</strong></span> <span class='ocrx_word' id='word_1_276' title='bbox 1014 4526 1049 4538; x_wconf 98' lang='lat'>-</span> <span class='ocrx_word' id='word_1_277' title='bbox 1062 4497 1079 4565; x_wconf 73' lang='lat' dir='ltr'><em>s</em></span> <span class='ocrx_word' id='word_1_278' title='bbox 1091 4501 1124 4549; x_wconf 83' lang='lat' dir='ltr'><strong>V.</strong></span> <span class='ocrx_word' id='word_1_279' title='bbox 1138 4496 1262 4552; x_wconf 83' lang='lat' dir='ltr'><strong>Plutarch.</strong></span> 
     </span>
     <span class='ocr_line' id='line_1_37' title="bbox 194 4551 1271 4649; baseline -0.002 -17"><span class='ocrx_word' id='word_1_280' title='bbox 194 4609 229 4621; x_wconf 88' lang='grc'>-</span> <span class='ocrx_word' id='word_1_281' title='bbox 239 4583 348 4649; x_wconf 75' lang='lat' dir='ltr'><strong>Appian.</strong></span> <span class='ocrx_word' id='word_1_282' title='bbox 360 4610 395 4621; x_wconf 91' lang='lat'><em>-</em></span> <span class='ocrx_word' id='word_1_283' title='bbox 411 4585 495 4632; x_wconf 85' lang='lat' dir='ltr'><strong>Front.</strong></span> <span class='ocrx_word' id='word_1_284' title='bbox 509 4583 582 4635; x_wconf 81' lang='lat' dir='ltr'><strong>Strat.</strong></span> <span class='ocrx_word' id='word_1_285' title='bbox 594 4586 619 4644; x_wconf 89' lang='lat'><strong>1,</strong></span> <span class='ocrx_word' id='word_1_286' title='bbox 634 4584 649 4632; x_wconf 81' lang='lat'><strong><em>5</em></strong></span> <span class='ocrx_word' id='word_1_287' title='bbox 662 4593 687 4634; x_wconf 85' lang='lat' dir='ltr'><strong>et</strong></span> <span class='ocrx_word' id='word_1_288' title='bbox 702 4599 742 4634; x_wconf 87' lang='lat' dir='ltr'><strong>rr.</strong></span> <span class='ocrx_word' id='word_1_289' title='bbox 1245 4551 1271 4590; x_wconf 45' lang='grc' dir='ltr'>ν</span> 
     </span>
    </p>
   </div>
   <div class='ocr_carea' id='block_1_4' title="bbox 0 324 1340 5018">
    <p class='ocr_par' dir='ltr' id='par_1_7' title="bbox 0 324 1340 5018">
     <span class='ocr_line' id='line_1_38' title="bbox 0 324 1340 5018; baseline 0 0"><span class='ocrx_word' id='word_1_290' title='bbox 0 324 1340 5018; x_wconf 95' lang='lat' dir='ltr'><strong> </strong></span> 
     </span>
    </p>
   </div>
  </div>
 </body>
</html>
