2670 5018
280 743 334 813 ln
367 742 835 818 Loc.1.lB.Lxxxlll
865 749 1082 821 mvtanr.
1149 775 1216 847 129

145 858 286 941 -drum,
309 857 429 927 deinde
451 863 606 926 aemulum
628 865 720 955 regni
743 866 918 931 Chrestum
942 868 1102 937 immissos
1125 896 1214 957 csse,

144 977 265 1051 «atque
281 960 333 1026 his
351 963 456 1027 causis
474 962 746 1049 adscribendum,
767 966 857 1055 quod
879 968 912 1031 in
930 967 1012 1037 fines
1033 987 1105 1036 tuos
1128 974 1215 1038 irru-

144 1063 268 1152 «perit,
294 1078 442 1129 testatur.
468 1066 665 1154 Quanquam
686 1067 783 1132 etiam
803 1068 906 1132 missis
924 1069 1061 1132 Romam
1081 1071 1214 1161 legatis,

145 1182 354 1254 :exspectare
373 1183 505 1230 senatus
524 1189 718 1256 responsum
736 1185 882 1257 poteras,
897 1169 1059 1256 siquidem
1082 1173 1215 1239 aNico·

146 1266 263 1332 umede
285 1267 399 1332 laesum
420 1285 452 1333 te
476 1290 545 1333 esse
567 1270 757 1357 putavisses.
774 1270 837 1335 Sed
857 1270 898 1335 de
916 1270 1097 1337 Nicomede
1118 1290 1212 1340 esto:

146 1368 233 1433 «rim
245 1368 442 1434 inferentem
453 1370 486 1433 vi
499 1370 674 1459 repuleris!
691 1394 762 1459 quae
775 1370 837 1437 fuit
847 1371 1071 1437 Ariobarzanis
1081 1373 1214 1459 injuria,

148 1492 268 1561 uquem
289 1469 380 1535 haud
402 1471 528 1554 minus,
549 1487 649 1560 atque
664 1473 894 1555 Nicomedem,
914 1473 966 1536 sui
982 1475 1074 1564 regni
1092 1473 1213 1541 finibus

149 1572 330 1662 «exegistil

188 1675 294 1740 XXV.
309 1677 440 1763 «Atque
455 1675 518 1739 hoc
529 1698 632 1762 quum
647 1675 785 1756 faceres,
800 1697 867 1738 non
879 1690 911 1739 te
921 1674 1057 1759 latebat,
1073 1677 1158 1759 fore,
1176 1696 1213 1742 ut

147 1774 225 1863 «qui
248 1774 283 1839 in
307 1775 384 1840 Asia
407 1792 477 1839 tum
499 1776 594 1866 legati
614 1774 782 1863 ducesque
803 1776 929 1839 romani
951 1793 1059 1858 erant,
1081 1779 1212 1865 pulsum

148 1873 372 1939 ueducerent.
385 1873 449 1940 Sed
463 1875 527 1939 hoc
541 1876 675 1965 agebas,
695 1891 732 1941 ut
745 1876 868 1942 bellum
881 1879 1039 1959 oriretur,
1054 1878 1146 1967 quod
1157 1903 1214 1969 spe

148 1975 340 2041 «obtinendi
359 1992 519 2041 terrarum
544 1978 632 2043 orbis
653 1980 846 2068 imperium,
868 1978 1030 2066 siquidem
1048 1982 1213 2047 Romanos

148 2099 365 2167 desperasses,
376 2079 443 2158 jam
458 2079 535 2143 olim
551 2103 620 2145 eras
635 2080 826 2144 meditatus:
841 2079 902 2142 nisi
917 2081 1001 2143 forte
1015 2096 1081 2144 tam
1097 2103 1212 2169 parum

148 2177 276 2243 «videre
301 2194 435 2243 caeteros
458 2180 640 2262 arbitraris,
664 2197 718 2262 ut,
743 2202 846 2268 quum
870 2180 961 2243 nullo
979 2180 1087 2244 adbuc
1108 2199 1213 2270 coepto

147 2278 269 2361 «bello,
286 2279 437 2368 Scythas,
454 2280 610 2360 Thraces,
627 2282 787 2347 Sarmatas
803 2282 956 2346 societate
966 2281 1135 2370 jungeres,
1152 2284 1214 2346 cir-

148 2403 241 2445 ·cum
253 2404 355 2471 regna
368 2380 505 2447 finitima
516 2384 639 2472 legatos
653 2385 813 2464 mitteres,
829 2406 925 2447 naves
937 2381 1127 2466 edificares,
1141 2407 1214 2472 pro·

148 2499 249 2547 ·retas
258 2483 560 2572 gubernatoresque
571 2508 610 2549 ex
617 2486 714 2576 longe
726 2480 844 2549 dissitis
856 2482 1007 2573 gentibus
1017 2505 1211 2565 arcesseres,

148 2605 264 2649 memo
282 2584 477 2651 intellexerit
491 2607 648 2673 quorsum
667 2587 728 2649 ista
743 2582 966 2673 pertinerent?

187 2685 309 2750 xxvt.
324 2685 450 2767 «Quasi
463 2707 541 2749 vero
560 2686 733 2750 consilinm
751 2700 845 2749 tuum
859 2685 930 2772 ipse
947 2700 1133 2772 temporum
1149 2701 1212 2750 sta·

149 2801 220 2851 «tus
238 2809 306 2851 non
327 2785 523 2874 prodiderit,
543 2786 632 2874 quod
651 2786 745 2852 nobis
765 2787 947 2851 delectione
967 2787 1153 2873 occupatis,
1171 2786 1211 2850 ab

148 2888 281 2952 «ultimo
292 2887 392 2951 Ponti
403 2889 496 2972 sinu,
513 2903 668 2978 tanquam
682 2888 816 2977 captatis
827 2886 868 2951 ad
880 2886 944 2949 hoc
957 2885 1106 2966 latebris,
1123 2901 1211 2950 astu·

148 3016 161 3043 1
170 3004 218 3053 tus
228 2986 400 3053 insidiator
412 2988 563 3077 erupisti:
576 3012 684 3078 neque
694 2986 900 3077 Cappadoces
910 3003 1037 3051 tantum
1052 3002 1085 3051 et
1097 2987 1209 3076 Bithy·

150 3113 247 3173 «nos,
270 3088 330 3155 sed
352 3089 528 3173 Galatiam,
550 3090 608 3157 sed
633 3089 903 3181 Paphlagoniam,
921 3088 1028 3152 Asiam
1051 3086 1211 3177 denique,

150 3213 233 3256 mon
244 3190 378 3281 ignarus
391 3207 508 3256 nostrae
519 3190 653 3256 ditionis
663 3213 749 3273 esse,
762 3189 917 3254 invasisti.
931 3187 1060 3272 Quibus
1073 3188 1107 3252 in
1120 3190 1211 3254 terris

113 3324 117 3331 ·
149 3293 245 3381 «quid
263 3292 397 3357 tandem
416 3315 434 3357 a
450 3308 482 3357 te
501 3291 647 3374 sceleris,
664 3308 721 3357 aut
739 3290 937 3356 crudelitatis
958 3289 1210 3378 pretermissum

149 3393 236 3458 cest?
258 3409 351 3458 taceo
378 3393 521 3459 civitates
545 3394 714 3483 mancipiis
738 3409 795 3457 aut
819 3390 966 3456 obaeratis
987 3388 1135 3470 traditas,
1156 3406 1211 3473 ut,

149 3493 286 3582 ·quibus
302 3494 438 3589 qbnoxii
454 3517 524 3560 esse
540 3494 719 3572 debebant,
735 3494 786 3560 his
800 3494 1018 3584 imperarent:
1035 3490 1077 3555 de
1090 3490 1211 3557 Graecis

149 3595 313 3660 ·Asiaticis
328 3595 410 3658 nihil
423 3596 514 3681 dico,
527 3620 670 3685 quorum
686 3595 848 3685 principes
861 3594 949 3657 mille
962 3607 1131 3656 sexcentos
1142 3597 1211 3655 nno

149 3696 362 3785 ·proditionis
380 3696 519 3761 obtentu
538 3697 716 3763 trucidasti.
735 3696 1011 3784 Gallograecorum
1029 3689 1155 3779 sepulta
1171 3691 1212 3756 sit

150 3800 341 3878 ·memoria;
355 3820 542 3886 quanquam
555 3822 692 3887 corpora
703 3797 869 3887 sepultura
881 3791 1094 3882 prohibuisti,
1107 3813 1210 3879 quum

149 3900 271 3963 ·soci0s
285 3915 362 3963 tuos
377 3914 409 3962 et
424 3898 589 3987 hospites,
602 3898 770 3963 communi
786 3917 906 3977 mensae
920 3893 1100 3974 adhibitos,
1115 3895 1212 3959 mise·

148 4000 310 4065 ·rahiliter
327 3999 510 4065 occidisses.

187 4101 328 4166 xxvtt
340 4132 353 4157 «ι
363 4102 462 4183 Cujus
473 4102 573 4166 animi
584 4101 665 4184 fuit,
676 4099 767 4189 quod
780 4100 877 4164 Italos
890 4118 1004 4161 omnes
1016 4119 1092 4160 curn
1103 4096 1212 4160 liberis

148 4219 199 4266 ·et
209 4202 368 4268 uxoribus
381 4225 450 4266 uno
467 4202 519 4267 die
532 4204 619 4268 ferro
630 4219 688 4267 aut
702 4224 787 4289 aqua
799 4195 980 4264 sustulisti?
995 4218 1062 4284 quo
1077 4195 1209 4283 quidem

148 4320 314 4394 «ternpore
331 4328 373 4369 ne
386 4327 473 4369 sacra
485 4304 620 4393 quidem
638 4320 671 4369 et
685 4300 868 4368 veneranda
881 4301 953 4365 loca
970 4296 1121 4387 proesidio
1137 4321 1212 4386 per·

178 4504 195 4570 §
207 4509 307 4556 xxvt.
319 4505 444 4555 Plntsrela.
454 4505 485 4554 ‹te
496 4507 560 4555 vin.
572 4505 669 4556 Mulier.
682 4520 736 4568 cap.
747 4510 790 4559 44.
800 4528 835 4540 -··
844 4499 953 4565 Appien.
962 4496 1076 4546 Mithrid.

240 4605 282 4671 X.
1027 4616 1050 4683 9
