2670 5018
222 744 278 813 IN
305 743 416 811 LOC.
442 742 536 810 LlB.
561 740 767 811 LXXVIII
795 741 1008 811 LIVIANI.
1098 741 1141 835 37

88 861 419 951 prosequentiumque
428 862 533 943 turba,
543 863 576 926 in
587 862 755 951 publicum
765 862 930 948 processit.
939 864 1008 927 lam
1017 880 1144 929 arctatae

87 965 195 1053 plateoe
211 980 304 1028 erant
314 964 438 1027 exitum
452 965 786 1051 cjuspraestolantium
802 963 912 1045 turba,
923 965 1145 1053 maritumque

88 1067 332 1155 peregrinorum
354 1063 659 1153 oppidanorumque
688 1088 842 1130 numerus
868 1073 1046 1153 spontanea
1065 1090 1144 1131 con·

87 1168 178 1232 cione
198 1167 401 1231 Ceramicutn
417 1167 630 1255 impleverat:
652 1168 735 1232 circa
756 1168 863 1255 ipsum
889 1166 1050 1255 praecipue
1071 1191 1144 1255 pre·

89 1271 192 1334 urebat
206 1271 292 1333 inter
309 1291 345 1332 se
359 1269 517 1355 populus,
533 1269 705 1332 satellitum
721 1269 825 1333 vicem
843 1267 1073 1332 comitantibus
1085 1267 1142 1331 ha-

88 1371 190 1451 statis,
204 1370 279 1457 qui,
293 1385 330 1433 ut
340 1369 463 1457 populo
476 1368 657 1456 placerent,
669 1370 732 1434 hoc
748 1392 869 1434 munus
882 1384 1057 1457 rapuerant
1068 1369 1143 1433 :atii

87 1496 143 1559 pro
168 1494 289 1561 magno
311 1469 492 1552 ducebant,
509 1472 537 1536 si
561 1471 612 1535 vel
634 1471 824 1536 vestimenta
844 1470 985 1541 hominis
1012 1484 1144 1558 possent

87 1589 285 1660 contangere.

128 1675 240 1739 XLIV.
262 1677 348 1739 Ante
365 1674 527 1760 porticum
544 1673 642 1737 Attali
661 1689 860 1738 exstructum
885 1674 1027 1738 tribunal
1051 1690 1141 1754 erat,

86 1772 170 1838 unde
196 1774 383 1839 concionari
411 1774 620 1861 proconsules
646 1775 772 1839 romani
799 1790 1044 1840 consueverant.
1071 1776 1144 1839 lloc

86 1877 442 1957 comoeuso‚Aristion,
456 1876 727 1964 circumspectans
744 1879 777 1940 in
791 1877 923 1958 orbem,
935 1876 1055 1942 deinde
1067 1878 1144 1942 sub·

87 1974 152 2039 latis
174 1976 210 2039 in
233 1976 347 2040 οωΙιιω
364 1976 485 2056 oculis,
507 1978 594 2041 dte·
616 1979 685 2066 ipsa
710 2000 763 2042 me
783 1979 888 2066 cogit,
912 1979 1143 2060 Athenienses,

87 2077 284 2164 ·petrimque
301 2076 427 2159 caritas,
451 2077 576 2164 inquit,
593 2094 646 2160 ut,
663 2102 736 2165 quae
758 2077 838 2142 mihi
861 2095 1026 2166 comperta
1049 2097 1143 2160 sunt,

87 2200 171 2241 mon
178 2178 331 2259 reticeam
341 2200 351 2259 ς
364 2178 504 2243 vicissim
513 2201 648 2260 eorum,
660 2202 733 2267 quse
742 2178 878 2244 dicenda
887 2196 980 2261 sunt,
990 2182 1144 2270 gravitas,

87 2294 137 2342 «et
145 2277 343 2342 incredibilis
355 2302 463 2343 rerum
478 2280 648 2345 conversio
660 2302 775 2344 vocem
790 2279 1007 2344 intercludit».
1020 2281 1144 2345 Adhor-

88 2379 226 2444 tantibus
249 2378 369 2445 deinde
387 2381 532 2463 cunctis,
553 2398 591 2446 ut
613 2383 886 2470 proloqueretur:
908 2412 920 2436 a
941 2383 1027 2471 Ergo
1046 2383 1144 2472 igitur

87 2478 238 2546 ·dicenda
250 2496 348 2562 sunt,
362 2482 484 2570 inquit,
501 2475 608 2570 qualia
627 2506 669 2548 ne
682 2507 741 2572 per
756 2484 920 2548 somnium
936 2484 1068 2572 quidem
1086 2507 1142 2548 ex·

88 2599 248 2669 «spectare
259 2584 430 2671 quisquam
443 2585 610 2672 pontissct.

126 2685 223 2748 XLV.
233 2715 247 2740 ι
256 2686 325 2749 Ilex
335 2684 537 2750 Mithridates
548 2686 730 2774 Bithyniam
746 2687 892 2767 obtinet,
903 2701 1001 2774 atque
1015 2689 1140 2775 Coppa·

88 2785 251 2861 *dodam
262 2786 370 2850 Asiam
387 2802 539 2874 praeterea
557 2810 690 2852 omnem
706 2787 747 2852 ad
766 2787 972 2876 Pamphylios
986 2811 1090 2875 usque
1108 2805 1142 2851 et

87 2887 234 2951 «CilIcas.
251 2887 353 2975 Reges
367 2888 597 2953 Armeniorum
616 2889 851 2975 Persarumque
867 2889 902 2951 in
917 2888 1065 2952 satellitio
1083 2890 1141 2951 ha·
1241 2942 1248 2955 .

86 2987 181 3063 ·bet‚
195 2988 430 3076 Moeoticosque
447 2989 593 3078 regulos,
613 2991 715 3078 etqui
731 2990 828 3054 Ponti
848 2990 1033 3053 universum
1049 2989 1140 3053 illum

87 3088 266 3153 ·ambitum
284 3111 343 3177 per
360 3089 489 3178 triginta
506 3089 683 3154 stadiorum
701 3091 799 3155 millia
814 3088 989 3180 possident.
1002 3091 1139 3154 Romani

88 3211 185 3252 «vero
203 3189 322 3270 duces,
336 3190 378 3271 Q.
400 3192 523 3279 Oppius
545 3192 739 3280 Pamphyliae
757 3192 933 3280 proconsul
950 3192 984 3254 in
1002 3192 1144 3256 vinculis

88 3291 272 3377 «sequitur,
293 3291 421 3355 Manius
439 3291 599 3378 Aquillius
620 3293 792 3356 consulatu
816 3294 963 3372 functus,
988 3308 1020 3356 et
1037 3292 1142 3356 siculo

87 3423 98 3445 ·
111 3391 274 3480 triumpho
291 3391 442 3481 insignis,
458 3395 641 3457 Bastarnam
655 3391 829 3479 quemdam
845 3393 991 3480 quinque
1008 3391 1137 3454 cubito·

88 3515 182 3555 ·rum
195 3492 382 3574 hominem,
395 3508 506 3557 mtcna
517 3491 628 3557 eadem
640 3493 785 3574 alnotus,
798 3491 855 3556 sed
870 3492 1012 3578 equitem
1022 3490 1138 3577 pedes,

87 3610 264 3679 ·sequ1tur.

128 3694 240 3758 xtvt.
254 3725 267 3749 ·
279 3696 400 3758 Cetera
408 3710 592 3783 togatorum
608 3693 703 3758 turba
711 3694 763 3758 vel
775 3692 817 3757 ad
832 3691 900 3778 ipsa
917 3692 1089 3755 numinum
1100 3693 1140 3754 si·

88 3795 248 3858 -usulacta
264 3793 381 3859 efludit
398 3795 562 3882 spiritum,
575 3795 640 3874 vel,
651 3794 776 3874 abjecto
790 3791 895 3880 patrio
910 3793 1014 3874 cultu,
1026 3793 1139 3880 pallio·

86 3926 97 3950 ι
111 3918 183 3958 rum
190 3894 350 3960 beneficio
359 3912 473 3960 servat.
482 3897 633 3961 Civitates
644 3911 753 3959 autem
764 3916 877 3958 omnes
885 3894 1138 3983 augustioribus,

86 4019 207 4082 ·quam
230 3996 398 4061 hominem
414 3997 461 4060 fas
476 4015 545 4078 est,
569 3995 749 4060 honoribus
765 4011 949 4082 exceptum,
972 3993 1069 4059 deum
1089 3994 1137 4058 fa-

87 4113 223 4161 ·tentur
243 4114 277 4160 ct
294 4114 510 4186 nuncupant:
533 4097 662 4162 oracula
681 4117 812 4184 quoque
830 4095 947 4182 passim
967 4093 1057 4158 hunc
1081 4093 1140 4157 de·

84 4228 96 4255 ι
110 4199 272 4287 signatum
288 4221 307 4260 a
328 4196 389 4260 diis
404 4197 573 4262 dominum
592 4215 626 4262 et
642 4214 799 4261 rectorem
818 4195 906 4258 orbis
921 4210 1051 4258 canunt.
1074 4194 1137 4259 Scd

84 4313 141 4361 -et
157 4297 277 4361 adsunt
294 4296 335 4359 ab
352 4298 419 4384 ipsa
441 4298 529 4362 ltalia
546 4299 655 4387 legati3
675 4297 794 4360 adsunt
809 4311 841 4358 et
859 4296 899 4359 ab
919 4296 985 4384 ipsa
1003 4295 1137 4360 Cartha·

82 4429 95 4453 ι
108 4401 200 4486 ginc;
223 4414 275 4477 et,
295 4397 336 4461 ad
353 4399 540 4463 evertendas
563 4399 676 4464 Rome
690 4418 786 4485 opes,
803 4396 977 4461 amicitiam
1001 4396 1084 4485 regis
1106 4412 1138 4459 et

83 4528 94 4549 ν·
111 4498 295 4562 societatem
314 4513 504 4585 expetunt».
