2670 5018
248 729 305 796 IN
335 729 450 796 LOC.
477 730 569 797 LlB.
597 728 738 796 LXXX
768 731 981 802 LIVIANI.
1100 733 1147 805 63

87 849 195 929 duces,
209 847 350 928 milites,
365 846 407 912 ad
421 863 599 912 extremum
611 870 738 929 servos,
753 850 873 937 quibus
884 875 1046 941 quemque
1059 873 1149 945 pote·

88 949 289 1014 mntartibus
299 949 532 1036 promissisque
542 950 732 1014 excitabant.
742 951 912 1016 Exercitus
920 954 1064 1043 Pompeii
1073 975 1148 1047 post

87 1051 254 1115 interitum
271 1050 494 1139 proconsulis,
512 1051 553 1133 Q.
565 1050 734 1115 Metellum
751 1050 867 1117 ducem
885 1071 1074 1141 optaverat:
1091 1060 1147 1123 sub

86 1154 214 1238 impigri
225 1152 294 1215 viri
304 1151 418 1230 ductu,
439 1171 536 1238 neque
553 1154 699 1215 onmem
716 1153 789 1232 sibi,
805 1177 903 1241 neque
906 1153 1082 1240 fertum
1095 1161 1148 1224 de·

77 1250 228 1337 fuderam
247 1274 320 1316 esse.
346 1253 387 1335 Q.
404 1251 571 1334 Metellus,
593 1251 684 1339 quod
708 1275 745 1316 ea
765 1275 817 1317 res
839 1270 952 1317 contra
977 1256 1063 1344 leges
1080 1258 1148 1323 fieri

86 1352 267 1434 rideretur,
285 1353 406 1442 legatos
427 1377 502 1418 cum
527 1354 624 1418 minis
646 1370 679 1416 et
698 1355 851 1419 conviciis
871 1353 961 1420 adire
981 1359 1148 1423 consulem

85 1455 195 1536 jussit,
211 1471 244 1519 et
256 1455 304 1518 illi
315 1454 484 1519 audientes
495 1454 583 1519 dicto
597 1476 677 1518 esse.
688 1458 731 1519 At
742 1477 820 1519 vero
834 1456 952 1520 milites
964 1459 1148 1540 consulem,

88 1573 122 1620 ut
138 1581 273 1646 segnem
291 1574 326 1624 et
340 1579 449 1620 rerum
465 1557 667 1645 imperitum,
683 1557 858 1644 aspernati,
875 1557 966 1647 signa
983 1558 1024 1621 ad
1040 1559 1149 1625 hostes

88 1659 329 1723 transtulerunt
341 1657 462 1722 Crebra
471 1657 555 1722 iuter
564 1658 632 1721 haec
642 1673 674 1720 et
685 1679 724 1720 ex
733 1657 821 1721 Urbe
831 1658 1008 1748 transfugia
1018 1659 1148 1745 fiebant,

87 1759 292 1823 servitiorum
313 1759 468 1839 maxime,
492 1759 545 1822 cui
566 1759 694 1848 generi,
717 1759 945 1825 circummissis
967 1759 1008 1825 ad
1031 1764 1147 1829 urbem

87 1859 306 1946 preconibus,
325 1859 505 1923 libertatem
520 1859 625 1923 Cinna
637 1860 838 1947 promiserat.

127 1963 169 2025 X.
188 1962 239 2025 Eo
253 1961 329 2040 jam·
343 1976 535 2049 perventum
551 1976 636 2041 erut,
656 1977 692 2024 ut
709 1984 782 2048 spes
800 1961 970 2026 resistendi
988 1965 1075 2028 nulla
1092 1989 1149 2030 su·

87 2078 227 2149 peresset
240 2086 250 2127 t
264 2061 388 2127 ducum
402 2062 478 2126 alias
491 2062 660 2150 segnities,
678 2063 753 2126 alias
770 2062 900 2150 perfidia
917 2087 986 2128 rem
1003 2090 1149 2132 corrum-

87 2166 197 2251 pebat-3
212 2164 354 2228 militum
367 2185 499 2250 quoque
513 2178 704 2250 corruptum
713 2164 827 2251 vulgus
839 2180 894 2227 aut
908 2188 1053 2254 pugnare
1064 2169 1149 2232 nole·

86 2268 154 2348 bat,
165 2266 338 2353 autpalam
348 2265 504 2330 transibat
515 2264 556 2328 ad
566 2265 686 2328 hostes.
696 2264 835 2329 Urbanae
844 2266 962 2352 plebis,
976 2269 1001 2330 si
1011 2292 1148 2334 annonae

87 2368 193 2456 inopia
209 2366 332 2431 diutius
350 2380 568 2452 premeretur,
587 2363 786 2453 desperatio,
803 2367 891 2459 baud
909 2369 1018 2432 minus
1034 2370 1148 2433 formi-

87 2468 152 2531 dini
171 2467 402 2557 optimatibus,
419 2489 516 2553 quam
535 2466 717 2553 superiora,
734 2484 812 2532 erat.
829 2470 868 2532 ln
883 2470 979 2533 tentis
993 2473 1149 2559 angustiis

86 2587 264 2635 convocato
282 2586 415 2648 senatu,
431 2569 577 2656 plerique
597 2585 722 2633 mutato
746 2570 882 2634 consilio
907 2572 1084 2638 mittendos
1106 2575 1146 2639 ad

87 2672 222 2736 Cinnam
240 2673 362 2758 legatos
380 2671 569 2750 censebant,
586 2667 626 2733 de
642 2669 884 2737 conditionibus
899 2674 986 2760 pacis
1007 2692 1146 2741 acturos.

86 2774 196 2837 -riihil
214 2773 300 2837 cirili
316 2772 402 2836 bello
418 2771 596 2852 funestius,
615 2794 794 2860 omnesque
810 2796 876 2860 prae
895 2773 949 2837 illo
966 2776 1147 2840 tolerabiles

86 2875 304 2939 «mlamitates
316 2897 395 2937 esse.
408 2871 596 2961 Optandum
611 2895 687 2937 sane
700 2873 815 2954 fuisse,
831 2891 1003 2962 postquam
1017 2900 1057 2940 eo
1069 2879 1147 2943 deo·

87 3000 178 3041 umm
193 2977 240 3040 im
256 2991 447 3063 perventum
464 2991 566 3054 esset,
583 2989 621 3037 ut
639 2997 711 3062 pars
725 2973 902 3039 modestior
916 2977 1075 3060 vinceret,
1089 2978 1146 3043 sed

87 3078 259 3143 adversus
274 3077 339 3139 vim
356 3074 509 3154 majorem
527 3075 632 3138 resisti
646 3097 712 3138 non
729 3097 835 3162 posse.

127 3181 184 3244 Xl.
206 3178 350 3242 -0mnia
372 3192 536 3265 expertos,
559 3192 597 3239 ut
619 3175 680 3238 sibi
703 3192 799 3263 atque
819 3176 899 3239 Urbi
922 3178 1145 3262 consulerent,

87 3281 189 3344 «nihil
207 3277 384 3368 prolicere3
406 3278 486 3364 quin
506 3277 581 3365 ipsis
600 3275 749 3340 remediis
768 3276 921 3341 morbum
942 3278 1145 3344 invalescere.

86 3381 310 3446 ·Transitione
334 3379 473 3442 militum
495 3392 528 3440 et
549 3375 651 3464 plebis
674 3392 783 3440 auctas
803 3376 913 3440 Cinnae
931 3376 1090 3464 Mariique
1112 3378 1145 3440 in

87 3483 303 3547 uimmensum
320 3481 448 3568 eopias;
469 3493 502 3542 et
516 3479 624 3565 plures
640 3477 878 3567 propemodum
898 3476 974 3540 inde
993 3478 1146 3559 militare,

87 3608 188 3672 «quos
201 3585 284 3672 ipsi,
302 3605 399 3669 quam
417 3603 500 3668 quos
516 3579 644 3660 hostes,
661 3596 861 3644 sacramento
875 3593 1052 3666 rogassent.
1065 3579 1146 3642 Reli-

67 3750 70 3755 .
88 3717 101 3738 ·
111 3708 250 3773 quorum
267 3685 365 3748 etiam
383 3704 531 3768 magnam
547 3696 692 3769 partem,
709 3702 844 3768 corpore
858 3678 945 3767 apud
957 3679 1061 3766 ipsos,
1078 3682 1147 3744 ani·

87 3811 161 3850 «mo
172 3802 315 3874 votoque
325 3806 402 3849 cum
411 3782 598 3846 adversariis
606 3804 711 3871 agere.
720 3782 795 3845 Non
806 3781 906 3869 igitur
916 3778 1145 3864 dubitandum,

88 3888 186 3976 «quin
200 3885 366 3952 mittendis
380 3883 489 3971 legetis
503 3881 657 3949 tentanda
668 3884 709 3948 sit
722 3882 926 3970 compositio.
942 3884 977 3946 C.
989 3883 1145 3959 Marium,

88 3988 143 4051 ιι.
152 3990 311 4066 Cinnam,
324 3985 416 4049 illum
434 4000 595 4048 senectam
613 4007 705 4047 suem
722 4001 754 4046 et
773 4000 821 4047 tot
837 3981 1003 4072 magnifica
1021 4007 1087 4047 non
1101 3985 1144 4049 ita

88 4090 317 4165 ‹clausurum,
339 4086 428 4149 bunc
446 4085 555 4172 primo
573 4085 744 4150 consulatu
765 4101 797 4149 et
817 4085 1033 4149 maturitatem
1050 4104 1144 4150 voto·

87 4222 100 4242 ·
109 4215 194 4271 runr,
211 4206 246 4255 et
260 4189 381 4266 summi
394 4188 457 4251 loci
471 4186 678 4275 dignitatem,
694 4209 760 4250 non
783 4186 827 4249 ita
841 4186 1092 4267 inchoaturum,
1109 4204 1146 4250 ut

89 4292 161 4356 -ilte
173 4291 273 4381 gestia
289 4289 489 4367 honoribus,
506 4288 562 4351 bic
573 4290 722 4375 speratis,
739 4286 894 4375 indignus
907 4285 1008 4350 videri
1023 4286 1147 4351 debeat

119 4484 191 4547 §ln
208 4483 261 4530 Lir.
276 4481 343 4545 Epit.
362 4507 388 4515 -
404 4481 509 4544 Appiae.
