2670 5018
270 824 326 891 m
356 822 465 889 roc.
495 823 589 889 ira.
617 822 818 890 cxxxix
848 826 1059 896 inviam.
1135 827 1200 924 195

134 946 248 1028 Quum
269 945 315 1008 ita
331 959 486 1008 retractus
504 944 537 1006 in
553 942 691 1007 Siciliam
707 961 806 1024 esset,
823 960 971 1026 ceteros,
991 949 1047 1034 qui
1066 946 1201 1028 judicati

134 1046 243 1110 hostes
267 1059 379 1126 erant,
402 1067 470 1107 nou
489 1043 647 1107 admissos
664 1045 697 1107 in
714 1062 926 1131 conspectum
939 1048 1112 1137 Pompeius
1126 1053 1202 1117 duci

131 1146 245 1229 jussit3
263 1147 298 1210 iu
315 1146 466 1210 Carbone
485 1146 572 1209 visus
593 1162 641 1209 est
662 1168 696 1208 se
715 1146 848 1233 gessisse
868 1148 1077 1232 insolentius,
1097 1177 1200 1239 quum

130 1249 173 1317 ud
188 1248 291 1338 pedes
309 1271 386 1312 suos
406 1247 474 1311 sisti
495 1247 641 1310 vinctum
659 1246 789 1325 juberet
808 1262 856 1310 ter
876 1248 1059 1328 consulem,
1082 1253 1201 1340 etipse

135 1374 192 1440 pro
209 1350 367 1414 tribunali
387 1349 502 1413 acerbe
520 1349 554 1410 in
574 1370 651 1411 eurn
671 1348 818 1412 invectus
836 1348 996 1435 (multum
1014 1350 1203 1442 indignante

135 1473 275 1531 corona,
293 1473 366 1537 quae
380 1449 470 1512 hunc
484 1449 677 1512 acerrimum
694 1450 841 1537 pueritiae
858 1451 1020 1539 Pompeii,
1036 1476 1078 1517 ne
1093 1474 1202 1544 pater.

136 1551 184 1615 nis
204 1551 303 1616 bonis
322 1551 532 1637 spoliaretur,
554 1549 758 1614 defensorem
778 1552 877 1615 fuisse
898 1555 1110 1643 meminerat)
1128 1575 1203 1646 post

136 1669 199 1717 tam
217 1676 315 1742 grave
332 1652 510 1716 ludibrium
527 1651 646 1716 abduci
662 1651 703 1715 ad
720 1654 915 1741 supplicium
933 1656 1113 1743 imperaret.

179 1755 236 1819 lV.
253 1755 315 1817 llic
331 1754 436 1818 exitus
455 1753 612 1817 Carbonis
631 1753 709 1835 fuit,
726 1755 783 1841 qui
801 1771 851 1818 tot
868 1757 901 1818 in
919 1757 1008 1821 Urbe
1021 1774 1053 1823 et
1067 1782 1125 1846 per
1138 1762 1202 1824 lta·

136 1856 208 1920 liam
230 1854 315 1919 loeda
337 1872 536 1942 cruentaque
556 1855 700 1919 facinora
716 1857 851 1939 fecerat;
871 1882 938 1921 non
954 1860 1069 1924 merita
1084 1864 1201 1951 magis,

137 1982 234 2046 quam
256 1957 428 2042 formidata
450 1973 555 2020 morte
577 1957 742 2021 deformis.
767 1959 830 2021 Ubi
854 1960 941 2023 enim
965 1961 1114 2052 distringi
1134 1965 1202 2053 gla-

137 2059 226 2124 dium
237 2059 337 2139 vidit,
349 2059 522 2138 simulans,
537 2058 598 2121 sibi
613 2058 721 2122 alvum
734 2061 881 2147 purgari,
895 2060 1004 2125 locum
1018 2079 1051 2125 et
1062 2065 1202 2150 spatium

137 2161 274 2226 demissa
286 2177 319 2224 et
331 2158 429 2223 llebili
439 2182 518 2223 voce
532 2159 733 2224 muliebriter
743 2161 853 2248 petiit,
868 2162 1119 2251 miserrimaeque
1129 2167 1202 2230 vitae

137 2264 267 2328 brevem
283 2285 415 2325 usuram
430 2262 554 2349 rapuit,
572 2260 678 2325 donec
693 2278 791 2349 caput
803 2262 837 2325 in
851 2261 984 2327 sordido
997 2265 1070 2328 loco
1086 2266 1203 2330 seden-

137 2367 177 2429 tis
202 2365 376 2452 impatiens
399 2386 499 2426 morae
525 2362 616 2426 miles
638 2361 825 2425 demeteret.
849 2361 888 2425 ld
912 2363 1087 2449 Pompeius
1117 2364 1204 2427 misit

138 2469 293 2547 Romam,
312 2482 350 2530 ut
366 2464 478 2528 oculos
492 2464 590 2527 Sullae
603 2463 667 2526 hoc
683 2463 865 2552 spectaculo
882 2481 1035 2551 pasceret.
1054 2465 1116 2528 Per
1131 2487 1204 2529 eos·

139 2569 212 2634 dem
229 2567 304 2631 dies
322 2568 364 2648 Q.
375 2565 493 2629 Valerii
515 2565 628 2629 Sorani
649 2565 714 2628 lata
733 2563 1017 2652 reprehensionem
1040 2564 1204 2653 Pompeii,

139 2687 171 2734 et
186 2667 446 2757 indignationem
464 2666 637 2729 hominum
657 2666 844 2728 habuerunt
863 2689 871 2728 ε
890 2688 989 2753 quern
1007 2666 1202 2749 adductum,

139 2773 215 2861 quia
231 2770 464 2860 peritissimum
485 2768 696 2831 humanitatis
713 2783 746 2830 et
762 2768 939 2855 priscarum
958 2768 1123 2832 literarum
1142 2791 1204 2832 no-

139 2891 243 2956 verat,
262 2872 399 2937 comiter
417 2893 481 2933 una
495 2869 722 2949 deambulans,
739 2867 778 2932 tle
791 2869 901 2932 multis
913 2869 1009 2933 rebus
1024 2871 1203 2959 interroga·

140 2977 204 3056 τὴς
219 2998 312 3056 mox,
326 2973 400 3054 ubi,
412 2994 484 3060 quae
494 2972 658 3051 voluerat,
672 2971 768 3034 etiam
781 2992 935 3033 arcanum
945 2971 1056 3033 Romae
1066 2992 1203 3050 nomen,

139 3077 278 3164 accepit,
292 3074 395 3161 abripi
410 3087 618 3159 econspectu
629 3072 750 3149 virum,
768 3070 986 3157 trucidarique
1000 3071 1103 3150 jussit.

182 3178 222 3241 V.
239 3178 399 3240 Caeterum
416 3174 480 3237 hoc
496 3188 696 3260 postremum
713 3172 755 3236 de
774 3172 929 3258 Pompeio
948 3173 988 3252 Q.
1003 3174 1129 3260 Oppius
1146 3189 1207 3235 tra·

140 3278 239 3360 didit,
257 3281 291 3341 C.
303 3277 433 3341 Caesaris
452 3275 593 3354 amicus,
616 3288 654 3336 ut
666 3270 788 3359 aliquid
804 3271 881 3334 odio
896 3271 1022 3335 dedisse
1039 3272 1204 3336 videatur:

142 3404 215 3445 nam
230 3379 424 3467 Pompeius,
443 3377 490 3439 uti
507 3376 686 3464 praeeipuos
701 3373 907 3437 inimicorum
922 3372 1032 3453 Sullae,
1050 3389 1081 3436 et
1100 3374 1204 3461 palam

141 3483 267 3546 oblatos
280 3481 433 3569 mstigare
446 3499 614 3542 necessum
627 3475 758 3555 habuit,
777 3475 821 3537 ita
832 3496 893 3537 nec
904 3472 1022 3559 cupide
1038 3473 1205 3560 requisivit

141 3584 294 3663 latentes,
309 3598 341 3646 et
355 3579 550 3670 quibusdam
568 3576 746 3666 effugiendi
759 3575 836 3637 fecit
848 3589 1050 3661 potestatem.
1063 3573 1205 3653 Deinde,

144 3685 218 3773 quia
232 3683 356 3748 bellum
370 3683 436 3761 jam
453 3681 579 3744 nullum
596 3680 630 3743 in
649 3678 755 3743 Sicilia
771 3691 954 3763 supererat,
970 3698 1082 3738 versus
1098 3675 1139 3739 ad
1155 3696 1206 3739 res

143 3785 255 3848 insulae
266 3781 524 3871 componendas,
533 3783 652 3868 jusque
664 3778 854 3857 dicendum,
867 3775 958 3839 valde
971 3779 1123 3842 recreavit
1133 3801 1208 3865 pro·

142 3886 293 3965 vinciam,
303 3884 404 3947 solers
419 3882 503 3946 idem
518 3898 549 3945 et
559 3883 766 3968 incorruptus
778 3878 984 3966 publicorum
996 3880 1207 3966 privatorum·

145 4008 208 4073 que
225 3984 433 4074 negotiorum
449 3984 608 4072 cognitor.
627 3982 709 4064 Quae
733 4003 783 4044 res
802 4003 841 4043 eo
858 3980 980 4069 gratior
998 3981 1111 4046 Siculis
1127 3985 1207 4069 fuit,

144 4087 234 4174 quod
252 4087 361 4150 multis
376 4086 441 4165 jam
461 4086 553 4149 annis
572 4085 624 4164 jus
641 4083 763 4147 dictum
779 4083 813 4145 in
829 4105 863 4145 ea
882 4083 987 4146 insula
1006 4106 1073 4146 non
1091 4089 1207 4151 merni-

145 4205 270 4251 nerant.

180 4338 195 4405 S
206 4343 253 4388 111.
261 4341 368 4405 Appian.
376 4338 466 4387 -an
474 4339 576 4397 Max.V,
584 4338 608 4394 ³,
616 4349 641 4385 et
649 4339 695 4396 IX,
708 4339 746 4386 13.
753 4365 785 4374 -
794 4337 866 4384 Oros.
873 4327 979 4383 —l'lur.
988 4361 1022 4370 —
1031 4333 1095 4382 Flor.
1106 4337 1144 4382 111
1148 4371 1155 4390 ,
1165 4353 1179 4382 a
1186 4351 1207 4382 r.

148 4451 181 4461 —-
198 4423 269 4490 ΒΝ.
281 4423 380 4473 Sallust·
390 4425 481 4471 lncert.
497 4440 518 4469 r.
534 4448 568 4458 -
582 4421 931 4479 Plur.-vat.ttn‚v1,2‚
945 4421 969 4464 8.
980 4445 1014 4453 -
1028 4419 1079 4464 Liv.
1095 4419 1158 4482 llpit.
1176 4445 1208 4454 -

147 4510 251 4574 Appiam.
262 4537 297 4546 -
311 4509 377 4556 Flor.
389 4534 425 4545 -
437 4507 453 4572 5
465 4508 498 4554 V.
508 4505 571 4554 Plio.
579 4507 631 4564 111,
642 4507 711 4554 5.-
721 4505 799 4554 Solio.
809 4521 832 4552 c.
846 4519 869 4550 r.
883 4530 913 4541 -·
926 4500 1207 4557 intercessuram,

150 4607 173 4652 9.
186 4618 220 4628 ·-
232 4593 296 4642 etue
305 4595 391 4657 Pomp.
403 4603 427 4640 et
439 4592 532 4652 Quart.
542 4592 614 4638 Rom.
626 4605 649 4637 c.
661 4589 703 4637 6ο.
713 4616 747 4627 -
756 4587 831 4636 Diod.
844 4583 943 4653 tpval.
953 4610 988 4620 -
997 4585 1084 4631 Yomr.

977 4676 1035 4746 13.
