2670 5018
81 476 89 513 Ι

216 738 275 806 ΙΝ
307 734 423 805 LOC.
451 734 779 808 Luttxxvlll
811 737 1031 818 LIVIANI,
1116 763 1163 835 29

96 858 204 946 lapillis
221 871 279 920 aut
297 871 368 921 arte
383 855 541 942 pretiosa,
557 854 754 943 signateque
777 857 922 942 pecuniae
944 859 1008 920 vim
1027 859 1161 924 minime

94 957 309 1046 spernendam
333 957 367 1020 in
391 956 535 1020 Pontum
559 955 686 1020 mittere
706 979 774 1019 non
800 973 849 1021 est
871 958 1002 1023 oblitus.
1028 962 1161 1050 lleperit

94 1062 186 1124 etiam
204 1059 328 1124 ibidem
344 1058 486 1147 pretium
503 1058 699 1123 talentorum
711 1058 993 1150 octingentorum,
1009 1063 1042 1125 in
1060 1087 1159 1151 auro,

95 1161 182 1251 quod
195 1161 327 1227 Asiatici
342 1159 461 1244 ludaei,
476 1176 514 1224 ut
531 1161 789 1249 Hierosolymam
804 1177 1047 1250 exportaretur,
1061 1166 1161 1230 colle·

95 1280 222 1353 gerant,
238 1261 378 1343 deinde,
394 1262 471 1348 quia
483 1261 705 1326 Mithridatem
723 1263 933 1345 metuebant,
951 1265 1039 1352 apud
1057 1269 1160 1350 Coos,

95 1383 249 1453 tanquam
264 1364 428 1429 tutissimo
442 1363 533 1444 loco,
551 1362 778 1452 deposuerant.
1142 1438 1148 1453 .

137 1466 258 1531 XVIII.
277 1465 377 1529 Omni
395 1465 583 1531 continente
600 1465 701 1547 nsiae,
724 1465 905 1552 insulisque
919 1467 953 1530 in
971 1483 1162 1555 potestatem

96 1568 250 1650 redactis,
267 1590 371 1657 quum
389 1567 458 1632 sola
474 1565 611 1630 Rhodus
625 1567 803 1648 resisteret,
822 1567 899 1632 totis
915 1568 1038 1632 viribus
1054 1569 1088 1632 in
1103 1593 1163 1658 op·

96 1671 328 1761 pugnationem
352 1668 421 1749 ejus
445 1668 537 1732 urbis
560 1690 617 1730 rex
638 1667 798 1733 incubuit.
816 1668 886 1731 lam
903 1686 978 1733 ante
996 1670 1106 1757 plures
1127 1671 1161 1735 in

96 1773 183 1837 hunc
199 1795 297 1837 usum
311 1793 409 1836 naves
420 1768 624 1836 fabricandas
639 1787 827 1835 curaverat:
844 1771 895 1835 his
907 1773 1160 1859 perlectis,cun1

95 1875 217 1963 ingenti
234 1875 334 1940 classe
351 1872 394 1938 ad
409 1873 548 1937 insulam
568 1887 617 1936 est
634 1871 797 1937 advectus.
814 1872 952 1952 Rhodii,
969 1874 1103 1956 dirutis,
1121 1899 1162 1940 ne

95 2000 157 2064 qua
170 1975 320 2041 hostibus
334 1973 524 2054 adjumento
536 1973 660 2054 forent,
672 1973 855 2055 suburbiis,
870 1997 942 2039 suas
956 1999 1087 2063 quoque
1102 1999 1161 2040 na·
1233 2011 1239 2018 -

95 2100 147 2141 res
165 2077 409 2156 instruxerunt,
426 2076 470 2139 ita
486 2074 625 2139 formata
639 2075 724 2158 acie,
742 2091 780 2138 ut
794 2075 862 2138 aliae
877 2093 964 2141 recta
980 2078 1013 2140 in
1031 2078 1160 2144 hostem

96 2180 275 2257 ferrentur,
292 2176 361 2241 alite
378 2200 398 2240 a
415 2176 570 2242 lateribus
584 2177 727 2241 facerent
740 2177 909 2264 impetum.

136 2279 227 2344 xlx,
243 2278 308 2343 Sed
327 2277 549 2359 Mithridates,
564 2301 641 2343 cum
659 2279 889 2367 quinqueremi
907 2301 965 2343 sua
980 2280 1160 2347 circumve·

95 2398 181 2461 etus,
197 2380 404 2469 praecipiebat
418 2380 502 2460 suis,
521 2398 559 2445 ut
574 2381 608 2442 in
625 2381 726 2445 altum
741 2377 927 2443 recedentes
943 2379 1161 2467 producerent

95 2507 212 2566 cornu,
222 2484 385 2571 celerique
396 2482 515 2547 deinde
524 2483 660 2573 remigio
670 2483 838 2572 pauciores
846 2482 1051 2546 Rhodiorum
1064 2506 1161 2550 naves

95 2587 329 2650 circumventas
350 2584 565 2649 includerent.
586 2583 639 2667 ld,
661 2586 850 2672 priusquam
872 2583 977 2667 fieret,
1002 2587 1160 2675 suspicata

94 2687 200 2752 classis
216 2685 440 2769 Rhodiorum,
460 2686 580 2751 sensim
603 2709 620 2749 e
641 2686 753 2773 praelio
776 2708 811 2749 se
830 2687 974 2774 recepit3
1002 2711 1079 2751 mox
1104 2712 1159 2752 ex·

94 2791 200 2875 pansis
210 2789 288 2853 velis
300 2786 420 2877 refugit
429 2788 462 2850 in
473 2804 617 2874 portum.
627 2787 781 2850 Ponticos
795 2788 942 2851 celeriter
952 2788 1160 2876 insequentes
1243 2797 1245 2799 ’

95 2891 241 2979 opposita
256 2890 394 2954 claustra
407 2888 647 2976 prohibuerunt
662 2888 829 2976 ingressu,
848 2889 945 2953 simul
963 2912 981 2951 a
998 2891 1160 2954 moenibus
1194 2925 1198 2932 ·

95 2992 291 3057 ballistarum
307 2989 583 3078 scorpionumque
597 2988 667 3053 telis
685 2989 794 3076 petiti,
809 3007 1022 3053 recesserunt.
1034 2991 1086 3054 Ab
1098 2992 1161 3055 hoc

95 3110 239 3182 tempore
265 3090 486 3172 Mithridates,
509 3091 616 3155 donec
636 3090 800 3178 pedestres
816 3091 917 3178 copiae
940 3089 1161 3172 advenissent,

94 3195 338 3283 oppugnatione
359 3192 535 3273 abstinuit;
553 3193 633 3256 levia
649 3209 777 3257 tantum
793 3194 968 3256 certamina
990 3192 1031 3257 ad
1048 3216 1160 3257 muros

94 3295 235 3360 fiebant:
254 3294 374 3383 quibus
397 3294 591 3383 plerumque
608 3296 790 3382 superiores
808 3293 948 3375 Rhodii,
969 3296 1070 3385 magis
1092 3318 1160 3359 ma·

94 3400 207 3485 gisque
219 3396 498 3463 confirmabantur
512 3396 647 3476 animis,
661 3412 850 3484 paratasque
863 3395 904 3460 ad
918 3395 1123 3476 audendum,
1134 3398 1161 3460 si

95 3523 158 3587 qua
173 3501 302 3565 oomsio
319 3522 353 3563 se
371 3497 529 3580 dedisset,
544 3519 640 3562 naves
657 3498 829 3578 habebant.

138 3601 210 3666 xx.
233 3602 332 3665 Forte
349 3601 383 3664 in
408 3601 588 3666 onerariam
608 3623 648 3665 ex
665 3601 779 3689 regiis,
796 3616 912 3687 praeter
934 3614 1066 3687 portum
1092 3600 1161 3664 vela

95 3704 281 3783 facientem,
303 3701 429 3765 Rhodia
444 3701 587 3767 dierotos
606 3702 732 3779 invecta
755 3701 883 3764 fuerat:
905 3698 1026 3763 abhoc
1049 3699 1160 3783 initio,

94 3828 196 3891 quum
213 3805 369 3893 utrinque
387 3802 428 3868 ad
445 3827 581 3869 suorum
598 3805 753 3868 auxilium
775 3802 885 3867 multae
904 3825 1001 3867 naves
1021 3802 1161 3867 adremi-

94 3924 239 3994 gassent,
262 3908 296 3971 in
323 3929 396 3971 acre
421 3923 583 3971 certamen
612 3906 781 3970 contentio
810 3904 937 3969 evaluit
971 3905 1036 3969 Diu
1062 3922 1161 3992 atque

94 4006 301 4073 vehementer
319 4022 369 4071 est
387 4024 589 4096 pugnatum,
608 4029 711 4095 quum
732 4004 952 4072 dissimillimis
975 4007 1078 4071 causis
1103 4030 1162 4094 par

96 4124 309 4197 utrommque
328 4109 431 4173 robur
448 4124 542 4173 esset.
559 4106 694 4172 Rhodiis
715 4130 765 4170 ars
787 4108 1061 4196 gubernatorum,
1078 4105 1161 4168 ordo

96 4212 242 4291 narium,
256 4211 372 4300 peritia
386 4210 548 4300 remigum
562 4209 672 4274 aderat
682 4232 691 4289 ς
703 4204 928 4296 praelectorum
942 4230 1074 4297 quoque
1088 4205 1163 4270 dex·

129 4417 147 4480 S
159 4421 237 4469 XVII.
248 4423 327 4472 Strab.
340 4439 381 4487 ap.
393 4423 496 4488 Ioseph.
506 4423 577 4481 xlv,
590 4437 629 4470 ra.
639 4450 674 4460 -
686 4423 738 4471 Cic.
748 4439 794 4487 pro
805 4423 883 4473 Flacc.
893 4440 948 4488 cap.
958 4426 999 4471 st.
1014 4450 1048 4461 -
1058 4420 1159 4486 Joscpb.

97 4527 129 4536 -
144 4501 193 4552 laia.
202 4505 265 4569 Epir.
274 4534 308 4544 -
316 4506 430 4571 Appha-
