2670 5018
29 11 1240 383 u

147 749 195 834 46
322 751 387 819 JO.
413 746 750 819 FREINSHEMII
779 754 1017 825 SUPPLEM.

148 871 254 935 *bello
270 868 512 935 collideremur!
534 884 568 933 at
581 890 658 933 vero
673 886 730 934 aut
745 893 912 960 nunquam
929 873 1036 941 datam
1052 877 1091 943 iis
1111 882 1190 946 ciri·

147 1004 161 1029 «
169 989 267 1037 tatem
283 971 444 1058 oportuit,
458 985 514 1034 tut
526 969 612 1034 bona
624 969 730 1034 dnum
743 970 817 1036 litle.
833 973 1006 1040 Odistorta
1018 976 1190 1045 hominum

146 1105 159 1130 ι
169 1072 309 1162 ingenia!
331 1093 352 1134 o
371 1086 535 1159 corruptas
552 1071 696 1135 mentes!
718 1072 926 1139 amicissimos
939 1075 1037 1140 modo
1051 1083 1191 1168 populos

146 1174 276 1238 «subito
295 1171 437 1235 tumultu
454 1171 644 1252 dissiluisse3
662 1172 816 1260 repletam
833 1176 928 1240 armis
949 1178 1090 1262 ltaliam,
1106 1183 1192 1246 ferro

146 1289 264 1360 «atque
279 1272 353 1361 igne
368 1285 537 1354 vastatam3
557 1287 697 1335 extrema
716 1289 749 1337 et
763 1275 874 1340 iecisse
893 1277 1011 1358 socios,
1032 1296 1066 1343 et
1080 1304 1191 1369 passos

146 1405 159 1430 .
170 1395 254 1454 esse,
271 1372 442 1460 quisquam
460 1394 544 1436 sanae
565 1373 681 1439 tuentis
697 1373 868 1439 crediderit
887 1399 948 1465 pro
967 1381 1100 1444 nomine
1120 1398 1192 1446 tan·

144 1505 159 1530 «
168 1490 257 1553 tum,
271 1494 338 1535 non
350 1494 411 1560 pro
419 1471 491 1551 jure
503 1472 658 1536 civitatis?
667 1476 719 1537 An
728 1496 804 1539 vero
815 1476 992 1542 existimare
1001 1497 1192 1567 potuerunt,

144 1597 238 1654 «vos,
252 1571 353 1660 quiin
363 1570 468 1636 media
477 1572 780 1659 inpubliceromnna
792 1577 859 1640 nati
868 1579 1011 1666 plerique
1021 1582 1193 1649 eteducati

144 1675 257 1754 «estis,
280 1672 383 1760 decipi
405 1688 470 1736 tarn
493 1674 629 1761 turpiter
649 1684 759 1762 posse,
780 1690 819 1739 ut
839 1678 1191 1765 appellatione'civium

147 1809 160 1832 .
170 1796 380 1839 romanorum
390 1774 550 1856 contenti,
564 1797 630 1862 quo
638 1775 721 1856 jure,
732 1798 859 1864 quaque
868 1777 1054 1846 conditione
1066 1786 1191 1850 romani

145 1908 158 1932 ι
168 1877 251 1941 cives
269 1889 418 1964 agerent,
434 1896 501 1939 non
514 1876 739 1962 requireretis?

188 1979 275 2042 XIV.
291 1975 475 2040 «Nimirum
489 1976 636 2065 improba
654 1976 810 2066 cupiditas
827 1977 1031 2064 dominandi,
1046 1999 1081 2048 et
1094 2006 1191 2051 suum

146 2079 208 2143 «ad
223 2079 351 2142 lucrum
370 2075 518 2141 trahendi
534 2076 782 2165 rempublicam,
803 2079 847 2143 ita
869 2083 1034 2146 excecavit
1047 2085 1192 2169 animos,

144 2213 157 2237 ι
167 2199 205 2246 ut
220 2181 368 2245 homines
381 2196 492 2244 cetera
505 2200 572 2244 non
588 2179 810 2268 stupidissimi,
829 2196 950 2246 tanum
963 2182 1047 2249 hanc
1060 2201 1194 2274 tamque

144 2315 158 2340 ι
169 2284 361 2372 singularem
373 2283 543 2346 amentiam
549 2279 657 2344 videre
666 2298 761 2369 atque
770 2281 1009 2370 deprehendere
1017 2304 1191 2374 nequeant

145 2387 270 2475 «Igitur
282 2384 397 2448 festivo
412 2405 487 2448 sane
502 2381 655 2462 consilio,
672 2405 774 2470 quum
793 2383 956 2471 aliquanto
971 2385 1119 2472 pluribus
1136 2389 1193 2453 da·

144 2518 157 2542 ι
168 2502 241 2550 rent
254 2486 429 2564 civitatem,
446 2504 544 2569 quam
559 2498 665 2546 essent
680 2483 756 2570 ipsi,
772 2485 921 2570 aquibus
932 2483 1084 2571 dabatur,
1097 2491 1193 2579 quin.

142 2619 156 2641 «
167 2609 230 2674 que
251 2602 284 2649 et
305 2585 434 2672 triginta
458 2582 561 2646 tribus
579 2582 677 2645 veteri
697 2584 819 2671 populo
836 2584 951 2648 relictae
967 2603 1062 2668 suut;
1080 2590 1193 2670 majori

143 2719 156 2742 «
168 2688 262 2775 longe
280 2706 418 2748 numero
433 2683 603 2747 hominum
622 2699 697 2747 octo
713 2683 860 2748 videlicet
876 2687 1046 2752 attributae.
1060 2693 1103 2754 At
1114 2714 1193 2756 vero

143 2818 157 2842 «
167 2788 239 2874 quis
257 2786 373 2866 nescit,
390 2787 433 2849 ita
446 2800 666 2872 comparatum
680 2808 749 2849 esse
765 2787 891 2869 Romae,
905 2804 943 2875 ut
956 2790 1092 2854 maxima
1105 2815 1194 2879 qute-

145 2920 158 2944 ·
169 2911 233 2975 que
247 2887 374 2976 negotiu
389 2886 517 2950 tributis
533 2886 671 2951 comitiis
687 2888 900 2976 peragantur?

186 2990 258 3053 XV.
272 3019 285 3044 κ
294 2989 352 3053 His
363 2989 564 3078 magistratus
576 3005 741 3069 creantur,
756 2990 811 3076 qui
821 2989 944 3054 civibus
953 2991 1107 3056 omnibus
1116 3015 1196 3081 prte-

141 3092 246 3172 «sint3
263 3091 312 3155 his
333 3090 515 3154 sciscuntur
531 3090 617 3178 leges
635 3089 711 3177 ipsis
729 3112 862 3178 quoqne
877 3091 1113 3180 magistratibus
1131 3095 1195 3158 im·

143 3222 156 3247 tt
166 3207 337 3280 peraturae3
349 3212 409 3254 nec
418 3189 515 3271 aliud,
523 3190 584 3254 nisi
593 3213 650 3278 per
659 3191 725 3270 has,
733 3190 773 3256 ad
780 3192 931 3279 pleraque
939 3191 1195 3261 sacerdotiorum

143 3292 227 3355 «iter
242 3308 312 3355 est:
331 3306 494 3379 postremo
514 3292 630 3379 quibus
652 3291 692 3355 de
715 3292 902 3357 criminibus
919 3292 960 3357 ad
978 3294 1091 3382 populi
1106 3295 1196 3377 judi·

141 3394 251 3458 scium
268 3394 350 3473 itur,
368 3391 528 3482 suffragiis
547 3393 693 3456 tribuum
711 3391 885 3456 decidenda
904 3415 956 3457 res
978 3409 1035 3458 est.
1053 3396 1123 3459 Vos
1138 3419 1197 3460 au·

141 3510 247 3575 «tem,
262 3493 327 3558 hoc
344 3509 411 3574 est,
435 3493 583 3558 universa
606 3493 673 3557 haec
693 3493 847 3556 Italorum
864 3493 1055 3577 multitudo,
1074 3519 1196 3585 ptume

141 3613 197 3660 «et
211 3611 367 3660 extremas
385 3595 418 3658 in
437 3595 540 3659 tribus
560 3594 713 3675 conjecti,
730 3608 797 3656 tota
812 3595 875 3657 rita
888 3610 1009 3678 vestra,
1029 3619 1072 3661 ne
1094 3600 1197 3666 semel

140 3728 153 3751 ι
163 3697 293 3785 quidem
310 3696 351 3761 ad
364 3696 515 3786 suffragia
528 3694 730 3760 vombimini.
746 3694 897 3775 Quorum
909 3696 1008 3783 igitur
1020 3697 1196 3766 hominum

141 3798 197 3861 ain
220 3799 271 3863 his
296 3800 419 3880 musis,
442 3799 561 3886 quibus
583 3811 652 3860 tota
672 3794 774 3859 ferme
791 3795 969 3883 respublica
987 3798 1196 3883 continetur,

141 3930 154 3955 a
164 3901 259 3964 nullae
274 3917 329 3964 aut
343 3902 466 3990 exigua
478 3914 584 3987 partes
599 3910 692 3974 sunt,
709 3915 765 3957 eoo
781 3893 937 3958 vocabulo
952 3891 1072 3957 civium
1089 3901 1198 3986 appel·

140 4003 220 4066 «lari
242 4001 321 4091 qnid
341 4003 457 4081 refert,
479 4000 506 4062 si
529 3997 570 4060 ab
590 3994 743 4058 omnibus
767 3994 902 4082 negotiis
925 3994 1081 4081 publicis,
1106 3998 1196 4065 hund

136 4133 151 4161 a
161 4128 252 4169 secus
267 4123 365 4193 atque
379 4099 556 4193 peregrini,
572 4095 786 4183 abaroeutur?

181 4208 268 4271 xvl.
287 4207 387 4270 «llaec
407 4199 545 4266 ludibria
562 4219 620 4262 vos
642 4197 707 4284 pati
733 4218 799 4259 nou
820 4214 916 4282 posse
935 4197 1008 4283 quis
1035 4199 1196 4280 miretur,

138 4330 263 4395 «quum
290 4329 329 4371 ex
357 4301 519 4368 veteribus
547 4298 723 4378 Romanis,
752 4310 914 4382 quotquot
940 4300 1025 4385 aequi
1048 4301 1198 4389 justique

137 4424 319 4488 amantes,
333 4421 366 4470 et
378 4402 466 4492 pacis
475 4399 777 4488 tranquillitatisque
790 4396 926 4461 studiosi
942 4399 1093 4476 inerunt,
1109 4404 1197 4468 ferre

136 4505 386 4596 ·nequiverint?
400 4504 471 4567 Nec
490 4503 576 4566 enirn
599 4522 660 4587 ego
685 4500 772 4561 solus
792 4496 889 4577 hujus
911 4520 1013 4563 canste
1034 4523 1107 4564 sum
1124 4524 1195 4567 tm-
