2670 5054
14 1208 22 1229 .

34 1440 42 1669 ¹

39 2358 45 2401 i

246 79 389 164 deinceps
415 77 560 140 Cornelio
586 77 623 139 de
644 81 768 140 nomine
787 78 884 141 Sullae
910 102 958 140 vo.

246 182 341 243 etiarn
353 197 443 265 puter
452 180 561 241 Fausti
573 179 718 241 ennnlem
732 181 893 242 refecerat.
907 182 958 242 [nt

246 282 299 345 alii
318 305 357 343 ex
377 282 445 343 aliis
464 281 640 368 interreges
663 279 793 359 fierent,
814 304 919 366 neque
941 298 959 343 t:

245 398 377 463 rentur,
395 383 483 446 misit
500 381 541 445 ad
566 382 759 468 Pompeium
782 381 879 462 Milo,
896 381 960 445 desi

249 487 297 548 ita
309 486 341 548 ei
356 484 519 548 oneretur.
536 484 620 547 Nam
640 484 684 547 ob
696 482 885 547 affinitatem
902 484 943 564 Q.

246 584 344 651 debat
356 586 530 674 Pompeius
541 609 550 667 ς
568 608 675 673 neque
689 585 797 649 minus
809 587 962 673 Hypsaeo,

246 688 372 752 fnisset.

290 788 443 853 XXVIII.
463 790 667 876 Responsum
684 812 701 851 a
717 789 873 877 Pompeio
889 787 963 852 dicu

241 891 391 979 petendi,
414 912 512 977 neque
531 888 717 968 desistendi,
738 904 897 952 auctorem
917 912 964 952 ess⁴

247 992 339 1055 mani
354 1001 558 1078 potestatem,
580 1003 638 1052 aut
659 989 840 1069 consilium,
861 1004 920 1053 aut
934 1013 964 1052 se

245 1104 361 1156 turum.
382 1089 474 1154 Idem
498 1088 616 1152 deinde
636 1090 695 1152 Cn.
719 1090 892 1154 Lucullum
916 1089 966 1154 fan

245 1208 343 1279 atque
356 1189 431 1254 ideo
447 1190 578 1254 Milonis
591 1190 749 1270 amicum,
766 1213 894 1278 rogasse
907 1190 966 1254 dict

245 1317 279 1357 re
295 1291 414 1357 invidia
433 1305 586 1355 oneraret.
605 1290 834 1355 Crebrescebat
850 1292 967 1355 interea

245 1394 417 1459 creandum
439 1393 621 1481 Pompeium
644 1415 724 1472 csse,
748 1415 805 1456 neo
827 1395 919 1456 aliter
942 1417 968 1457 se

239 1519 331 1586 posse
353 1520 365 1559 .·
385 1495 455 1559 aliis
478 1497 635 1558 Caesarem
662 1493 731 1557 fieri
752 1494 920 1558 consulem
942 1495 969 1583 pl

247 1597 335 1663 idem
358 1614 485 1684 tempus
507 1596 645 1659 maxima
665 1610 733 1660 erat
752 1597 853 1676 famo,
875 1612 970 1684 propt

248 1716 369 1790 gestas,
386 1697 502 1787 saepius
522 1713 555 1760 et
574 1698 716 1785 plurium
735 1695 877 1777 dierum,
895 1720 971 1784 quar

249 1798 539 1888 supplicationibus
558 1797 705 1861 decretis.

291 1900 414 1969 xxix.
427 1900 590 1965 Neutrum
611 1922 724 1963 eorum
746 1900 871 1964 senatui
888 1917 972 1990 gran

248 2014 304 2067 ant
317 1998 492 2087 Pompeius
506 1999 660 2081 dictator,
677 2016 734 2063 ant
757 2003 862 2066 Caesar
875 2003 972 2066 iterur

249 2116 348 2181 essct,
364 2099 410 2163 M.
424 2100 576 2182 Bibulus,
593 2101 649 2189 qui
663 2102 768 2191 primo
783 2103 855 2167 loco
871 2120 973 2192 rogan

251 2202 307 2273 Cn.
333 2202 534 2289 Pompeium,
561 2202 632 2267 licet
656 2204 832 2285 absentem,
861 2204 974 2268 consui

249 2302 392 2384 censuit,
412 2304 477 2366 sine
494 2303 628 2386 collega.
652 2305 705 2368 Sic
722 2308 803 2368 onim
825 2318 884 2369 aut
906 2328 975 2369 evas
