2670 5018
148 742 213 785 ιω
320 721 385 786 10.
413 684 754 786 rasmsnsuu
785 714 1028 782 surenam.

144 861 233 900 mero
249 835 331 900 duos
348 836 527 916 damnavit,
544 836 705 925 virgisque
719 857 817 898 caesos
828 835 935 897 securi
943 834 1124 923 percussit:
1141 835 1203 901 boc

144 956 232 1002 metu
251 940 341 1002 facile
368 939 474 1028 adegit
489 954 641 1020 coeteros,
662 953 701 1001 ut
715 937 767 1000 vel
787 937 1015 1001 universorum
1037 935 1201 1001 bontuum

138 1042 261 1119 jactura
273 1041 406 1103 salutem
419 1040 459 1104 ab
473 1039 658 1104 avarissimo
670 1038 908 1126 saevissimeque
924 1040 1049 1102 latrone
1062 1036 1202 1103 redime·

143 1158 223 1205 rent.
240 1141 291 1206 Ad
308 1142 390 1204 hanc
403 1141 542 1204 formam
558 1141 741 1205 constitutis
758 1139 881 1228 ubique
897 1140 1139 1228 provinciarum
1150 1162 1202 1204 re-

141 1241 371 1321 bus,adversus
380 1243 488 1328 ipsum
498 1264 607 1330 regem
615 1241 762 1330 Pergami
770 1240 937 1304 sedentem
947 1239 1066 1304 ducere
1075 1240 1201 1322 statuit3

140 1359 431 1428 occurrentemque
440 1342 525 1405 fudit
538 1342 743 1431 fugavitque,
758 1343 831 1407 etin
846 1341 1004 1431 oppidum
1017 1343 1203 1431 serecipere

140 1444 261 1529 coegit:
279 1442 397 1505 deinde
414 1465 455 1505 ne
474 1444 620 1532 Pergami
636 1444 769 1531 quidem
791 1446 939 1508 resistere
955 1466 1087 1526 ausum,
1109 1458 1203 1532 capto

140 1544 280 1632 oppido,
298 1545 452 1624 Pitanen,
469 1568 536 1632 quo
551 1545 604 1609 ille
613 1546 820 1636 profugerat,
837 1547 1048 1633 insequutus,
1061 1545 1202 1609 circum·
1229 1608 1232 1613 .

139 1646 253 1707 vallare
265 1646 412 1708 obsessos
423 1668 533 1727 orsus,
548 1669 663 1734 parum
677 1647 802 1736 abipso
817 1670 893 1736 rege
907 1645 1066 1734 capiendo
1077 1647 1202 1726 abfuit3

143 1748 221 1826 nisi,
233 1747 323 1835 quod
344 1749 474 1812 fortuna
490 1748 659 1813 videbatur
672 1749 828 1813 obtulisse
836 1748 1080 1829 adjumentum,
1091 1748 1127 1812 L.
1137 1749 1204 1812 Lu·

142 1849 216 1911 culli
233 1871 362 1912 aversus
377 1849 504 1912 animus
518 1849 694 1914 invidisset.
1212 1844 1215 1848 ⁴

183 1949 223 2012 V.
248 1952 279 2012 Is
292 1950 377 2029 jam,
393 1949 524 2014 dimissa
542 1951 746 2015 Rhodiorum
764 1952 879 2032 classe,
894 1968 1023 2015 tautum
1039 1966 1204 2040 paraverat

139 2051 342 2136 propriarum
360 2052 495 2131 virium,
507 2068 545 2115 ut
567 2052 648 2116 Chio
668 2053 773 2142 regios
796 2052 942 2135 ejiceret,
962 2052 1203 2139 Colophonius,

140 2153 639 2240 comprehensotyraunoeorum
646 2153 1004 2242 Epigono,assereretin
1011 2153 1202 2217 libertatem.

140 2253 216 2315 Haec
234 2270 399 2340 gerentem
422 2254 516 2342 legati
533 2279 552 2319 a
569 2255 711 2319 Fimbria
726 2254 869 2335 adeunt,
883 2256 973 2319 omni
989 2254 1204 2319 obtestatione

141 2353 312 2432 instantes,
329 2377 367 2416 ne
386 2378 408 2416 a
427 2377 458 2417 se
476 2356 629 2419 obsessum
651 2379 755 2443 regem
775 2356 981 2420 elarbsimum
1003 2356 1204 2445 eunrdemqus

139 2454 369 2540 infestissimum
377 2479 508 2519 romano
519 2460 641 2521 nemim
648 2457 730 2521 elabi
731 2472 904 2547 pateretur.
919 2458 995 2520 Esse
1005 2459 1066 2544 ipsi
1074 2455 1205 2521 classem

139 2556 187 2616 ad
194 2556 420 2641 prohibendum
437 2560 521 2620 mari
535 2562 659 2623 allum
667 2585 680 2639 ‚·
697 2583 719 2620 a
735 2572 820 2622 terra
824 2557 901 2647 jam
917 2560 963 2620 ita
969 2558 1151 2645 proveham,
1171 2572 1206 2620 ut

140 2680 204 2718 non
213 2661 309 2743 possit
322 2659 460 2722 evadere.
476 2658 590 2724 Facilis
608 2675 677 2723 erat
691 2660 784 2723 labor
794 2658 944 2723 obsidere
955 2675 1105 2745 portum3
1119 2657 1204 2745 peri·

140 2758 250 2819 culum
274 2761 415 2840 nullum,
432 2761 532 2849 gloria
555 2762 748 2849 amplissima
771 2761 989 2824 oflerebatur:
1011 2775 1120 2823 tamen
1140 2760 1204 2823 bu·

142 2860 261 2938 collus,
274 2861 340 2925 sive
354 2863 529 2925 amicitiam
540 2863 634 2926 Sullae
646 2862 800 2926 omnibus
815 2858 1061 2950 anteponendo,
1077 2859 1145 2923 sive
1156 2859 1205 2923 in·

140 2963 344 3025 terl'ectorcrn
369 2964 463 3027 amici
484 2980 517 3028 et
539 2965 742 3052 imperatoris
761 2964 811 3028 sui
830 2963 1021 3042 detestatus,
1044 2960 1204 3049 postulata

142 3064 291 3126 Finibriae
307 3066 455 3153 neglexit.

186 3168 239 3230 l‘l.
264 3166 485 3247 Mithridates,
502 3167 686 3231 conscensis
704 3167 859 3242 navibus,
875 3166 1054 3254 Mitylenen
1074 3180 1204 3229 avectus

141 3283 199 3329 est.
222 3268 380 3347 Fimbria,
395 3267 460 3346 jani
477 3268 681 3331 confessione
698 3268 800 3333 hostis
817 3267 930 3348 victor,
950 3266 1062 3331 obibat
1078 3266 1203 3345 Asiam,

140 3368 254 3430 acerbe
271 3369 303 3430 in
322 3368 420 3448 vitas,
434 3369 469 3432 in
482 3369 630 3432 fortunas
650 3368 820 3432 hominum
833 3369 1023 3449 consulens,
1040 3389 1124 3455 quos
1140 3368 1204 3432 Mi·

143 3469 272 3533 thridati
285 3470 447 3534 studuisse
458 3487 666 3560 cognoverat,
678 3485 735 3534 aut
746 3469 848 3533 videri
857 3468 995 3533 volebat.
1002 3468 1037 3533 Si
1047 3491 1119 3555 qum
1129 3469 1206 3532 reci·

142 3594 216 3658 pere
228 3595 302 3635 eum
314 3573 457 3636 civitates
468 3573 603 3652 nollent,
611 3594 726 3636 eorum
737 3595 831 3660 agros
843 3572 965 3636 inultus
977 3570 1204 3658 populabatur.

142 3673 193 3735 Sic
208 3690 341 3737 ventum
358 3673 398 3736 ad
415 3674 511 3737 Ilium
526 3690 599 3738 est:
624 3671 714 3760 quod
731 3696 834 3760 quum
852 3674 1019 3737 obsessum
1032 3695 1051 3735 a
1065 3671 1205 3735 Fimbria

143 3774 339 3860 confugisset
361 3773 402 3836 ad
425 3774 518 3837 Sullae
538 3773 653 3855 fidem,
669 3790 909 3862 venturumque
925 3797 959 3838 se
977 3773 1064 3838 Sulla
1080 3772 1204 3862 promi·

141 3871 243 3951 sisset,
251 3873 349 3960 idque
361 3874 608 3963 significandum
617 3876 767 3941 Fimbriae
779 3892 939 3955 curassct3
952 3891 1044 3939 tanto
1056 3874 1205 3938 infestior

141 3972 211 4052 ille,
228 3974 384 4037 machinis
401 3975 555 4058 admotis,
568 3978 739 4041 undecima
758 3976 810 4041 die
826 3975 983 4065 oppidum
1000 3974 1203 4064 expugnavit.

142 4074 239 4153 Sunt,
249 4077 305 4162 qui
316 4074 392 4137 ‹lolo
405 4077 527 4141 illectos
538 4079 670 4143 llienses
681 4080 842 4168 aperuisse
855 4078 1205 4165 p01·tasrelerant,lau·

176 4302 192 4365 S
208 4305 250 4349 lV.
269 4304 390 4350 Plutarch.
406 4305 431 4350 iu
444 4305 525 4364 Sulla,
540 4322 596 4371 cap.
612 4315 655 4367 47,
674 4320 697 4356 et
718 4311 742 4355 in
763 4308 879 4367 Lucullo,
898 4324 951 4371 cap.
964 4311 988 4354 6.
1004 4334 1038 4344 -
1052 4309 1161 4372 Appian.
1171 4334 1204 4342 -

142 4387 205 4433 Vell.
222 4390 259 4445 ΙΙ,
275 4396 315 4441 at.
328 4416 362 4423 —
375 4392 447 4435 Auet.
461 4388 491 4435 de
501 4390 553 4438 vir.
564 4390 600 4438 ill.
610 4408 665 4455 rap.
682 4409 721 4451 7⁰·
735 4422 768 4430 -
784 4392 834 4439 biv.
845 4393 908 4456 llpit.
922 4420 956 4429 —
970 4390 986 4453 5
1002 4394 1032 4438 V.
1043 4392 1167 4447 Orouvl,
1179 4406 1204 4437 a.

145 4499 175 4505 —-
190 4472 310 4517 Plutarch.
323 4500 355 4507 -
368 4473 472 4534 Appian.
