2670 5018
376 72 523 134 minatim
539 69 721 149 debuisset,
737 70 803 132 sive
816 94 874 157 per

376 174 454 235 saris
473 172 673 234 mentionem
697 172 820 233 nullam
840 174 882 234 le(

376 296 418 335 ars
436 273 554 353 incisa,
570 288 601 333 et
617 273 650 334 in
664 272 812 335 erarium
828 295 883 335 eor

375 372 546 435 Marcellus
572 371 614 434 ‹le
639 373 767 436 civitate
789 373 885 437 Novo

376 495 474 561 quam
499 474 663 537 coloniam
689 476 859 563 rogatione
882 476 888 483 ’

374 576 586 639 ambitionem
610 594 643 641 et
664 578 747 641 ultra
770 600 892 665 praescr.

374 694 483 743 autem
498 677 571 757 jure
586 679 666 742 Latii
683 680 814 743 Novum
835 680 894 743 Cor

375 802 447 866 quoe
463 796 554 844 erant
568 780 722 861 coloniae,
736 782 768 842 in
787 780 844 861 iis,
862 804 897 867 qr

372 898 441 963 set,
470 905 510 946 eo
537 882 608 969 ipso
640 883 801 946 civitatem
830 880 900 970 adel

372 983 483 1047 Talem
505 984 646 1070 aliquem
672 984 844 1047 Marcellus
867 1006 902 1047 ne

373 1087 484 1149 llomae
503 1086 581 1148 civis
604 1109 761 1149 romanus
786 1086 893 1149 nullus

373 1186 497 1249 vibices
514 1184 697 1251 ostendere.

415 1288 555 1349 XXXll.
577 1288 653 1350 Htec
665 1288 773 1376 agenti
789 1288 907 1351 ll'larcel

372 1387 478 1454 dictos
496 1389 558 1453 sibi
575 1388 726 1452 tribunos
740 1389 843 1477 plebis
860 1405 892 1453 et
909 1406 913 1451 ;

372 1490 444 1553 eelli
470 1488 636 1553 resistebat
660 1512 668 1553 ε
691 1511 799 1576 neque
821 1490 915 1577 pleris

371 1592 483 1671 alicui,
502 1590 692 1681 priusquam
713 1607 841 1679 tempus
863 1593 916 1680 leg«

370 1693 499 1757 auferri.
516 1690 580 1756 Sed
593 1707 626 1753 et
643 1690 712 1780 ipse
726 1692 916 1780 Pompeius,

368 1817 418 1858 ses
438 1793 595 1859 exercitus
616 1794 749 1873 itinere,
769 1809 876 1858 tamen
895 1796 916 1859 ir

370 1897 529 1960 sententia
547 1896 620 1960 fuit.
634 1896 726 1959 Clam
742 1912 850 1959 tamen
869 1898 916 1961 int

370 2000 546 2078 Cmsarem,
567 2012 600 2060 et
617 1997 744 2077 statim,
760 2015 860 2083 atque
882 2000 916 2062 el:

370 2099 531 2185 privatum
551 2100 584 2161 in
597 2100 721 2162 Urbem
735 2099 842 2163 redire
854 2123 915 2189 cog

370 2214 477 2278 retur,
497 2202 533 2263 C.
551 2200 740 2264 Marcellum
764 2201 896 2264 fratrem
912 2224 916 2290 i

374 2315 473 2363 tatem
501 2301 633 2380 gerebat
660 2324 733 2363 enm
765 2304 886 2352 (traam
