2670 5018
270 780 326 847 ru
357 780 469 847 roc.
496 780 590 846 rin.
618 781 816 846 rrxxxrv
845 754 1051 847 nvrun
1128 783 1194 874 ¹49

130 901 256 964 retheris
278 899 523 963 similitudinem
543 900 571 962 ei
593 900 692 963 tribui
713 898 844 987 quidam
868 900 1107 983 existimarunt;
1130 924 1192 989 ego

131 1005 250 1066 lactum
265 1023 343 1065 reor
357 999 449 1081 ideo,
468 999 558 1087 quod
572 999 626 1062 tali
645 999 763 1088 ligura,
778 1016 810 1063 et
823 1001 926 1088 ignito
939 1002 1033 1064 vultu
1044 1002 1106 1065 tuit
1117 1025 1193 1066 con·

131 1119 271 1191 spectus.
290 1104 333 1166 Et
349 1101 390 1165 ad
409 1103 498 1165 hunc
513 1101 615 1164 ferme
637 1101 773 1165 modum
794 1124 946 1191 apparere
966 1103 1000 1164 in
1025 1105 1191 1166 nocturnis

132 1226 281 1293 sagarum
299 1203 400 1293 orgiis
415 1202 614 1284 daemonem,
638 1202 792 1266 concordi
811 1201 1050 1292 propemodum
1069 1205 1194 1268 conses-

133 1309 222 1371 sione
238 1306 389 1368 omniurn
409 1303 566 1368 firmatur.

173 1408 315 1471 XXVII.
336 1408 405 1471 Nec
423 1405 607 1470 mirandum
627 1406 742 1486 fuerit,
761 1407 805 1481 si,
823 1428 896 1492 quoe
913 1422 1136 1470 memorantur
1152 1407 1193 1469 ab

134 1509 282 1598 Antiquis
301 1507 343 1571 de
355 1508 543 1596 Satyrorum
559 1508 728 1569 nocturnis
746 1506 890 1587 lusibus,
908 1506 1075 1594 tripudiis,
1092 1506 1195 1568 canti·

135 1612 212 1692 bus,
227 1609 269 1674 ad
286 1609 390 1673 simile
408 1607 573 1696 quoddam
589 1607 739 1671 diabolici
755 1607 824 1671 ludi
837 1625 1061 1672 commentum
1075 1607 1194 1670 refera-

134 1736 204 1776 mus
219 1736 227 1776 :
244 1734 320 1774 nam
339 1711 413 1774 talia
427 1710 536 1773 multis
557 1709 635 1772 locis
649 1708 753 1772 audiri
771 1711 936 1790 feruntur,
955 1724 987 1772 et
1003 1709 1036 1771 in
1053 1707 1193 1794 Lupensi

134 1836 259 1893 eremo,
288 1834 360 1899 quoe
382 1812 415 1874 in
438 1811 563 1875 ditione
583 1826 650 1874 erat
671 1811 900 1889 'Iartarorum,
925 1831 1026 1897 quum
1050 1810 1089 1873 iis
1114 1809 1195 1871 locis

135 1915 261 1978 Marcus
279 1913 410 1976 Paullus
429 1914 574 1975 Venetus
597 1911 738 2000 degeret.
760 1912 798 1973 In
824 1933 968 1986 summa,
992 1912 1018 1973 si
1044 1909 1135 1997 quod
1156 1933 1191 1973 ea

135 2012 235 2102 figura
252 2021 424 2100 repertum
438 2013 479 2075 sit
501 2013 635 2092 animal,
661 2027 880 2074 monstrosum
901 2013 1016 2092 fuisse,
1041 2011 1193 2098 idemque

135 2115 265 2178 rationis
284 2135 321 2177 ac
341 2114 499 2177 sermonis
522 2113 656 2175 humani
679 2134 793 2198 expers
815 2110 1023 2192 crediderim3
1042 2112 1099 2174 ubi
1115 2134 1194 2174 vero

135 2216 267 2302 loqucloe
280 2216 452 2277 intervenit
467 2236 560 2294 usus,
578 2229 701 2303 spectra
719 2213 885 2299 larvasque
901 2213 974 2276 mali
989 2213 1154 2276 alemonis.

175 2316 328 2380 XXVIII.
351 2316 395 2377 Ut
420 2315 479 2377 ista
502 2316 567 2378 sint
593 2337 632 2377 ex
662 2313 778 2377 eodem
807 2336 924 2401 genere
950 2312 1190 2400 prodigiorum,

135 2442 197 2505 quo
221 2417 310 2506 apud
332 2416 511 2480 Sambulon
530 2417 682 2503 parthicae
703 2415 835 2485 ditionis
854 2431 1000 2479 montem
1019 2414 1191 2478 Herculem

135 2519 259 2599 venari,
285 2517 442 2582 Achillem
465 2517 595 2580 Helenae
624 2517 832 2580 matrimonio
863 2518 1034 2595 junctum,
1062 2516 1190 2578 Leucen

135 2617 272 2682 incolere
289 2618 433 2681 Tauricae
454 2617 646 2680 Chersonesi
669 2617 825 2697 insulam,
847 2616 1063 2703 eumdemque
1085 2639 1191 2703 oppu-

135 2736 241 2806 gnatas
256 2718 298 2783 ab
313 2719 461 2783 Alaricho
476 2718 619 2782 Athenas
636 2717 838 2799 defendisse,
855 2718 1014 2782 creditum
1028 2732 1086 2780 est.
1099 2720 1191 2797 Quos

134 2841 205 2883 vero
219 2819 316 2883 ludos
332 2835 495 2906 spectrum
507 2817 624 2900 edidit,
637 2818 726 2905 quod
738 2819 799 2882 sub
814 2820 918 2882 forma
930 2819 1040 2907 Magni
1055 2819 1192 2882 Alexan·

134 2918 180 2984 dri
190 2944 267 2984 eum
282 2920 517 2984 bacchabundo
528 2921 657 3009 agmine
667 2943 726 3009 per
740 2923 848 2986 Asiam
862 2922 1010 3001 incessit,
1028 2922 1192 3010 longoque

136 3037 204 3107 post
220 3038 368 3108 tempore
383 3020 554 3107 disparuit,
572 3022 780 3110 Heliogabalo
795 3022 1074 3109 Imperantei’Nec
1087 3023 1127 3085 ab
1141 3024 1192 3085 his

135 3120 308 3201 abludunt,
325 3145 397 3208 quae
411 3121 452 3184 de
468 3123 577 3209 gimeis
595 3123 750 3186 heroibus
764 3123 995 3203 Philostratus,
1013 3121 1053 3185 de
1070 3125 1191 3185 Arturo

136 3225 291 3296 Britanni,
306 3222 348 3286 de
359 3223 550 3287 Valdemaro
563 3225 663 3304 Dani,
676 3225 837 3312 multique
852 3225 904 3287 alii
919 3224 960 3288 de
973 3224 1039 3287 suis
1053 3223 1191 3310 quisque

135 3324 240 3413 populi
255 3325 388 3404 jactant.

174 3425 296 3488 xxix.
319 3423 399 3504 Sed,
422 3425 549 3488 omissis
572 3427 635 3490 hoc
660 3448 762 3514 genus
781 3428 969 3514 praestigiis,
992 3427 1033 3491 ad
1054 3427 1192 3506 Sullam,

136 3524 218 3588 unde
231 3525 458 3606 discessimus,
476 3542 684 3592 revertamur.
703 3528 734 3590 Is
754 3549 833 3615 ergo
850 3544 965 3590 contra
983 3551 1060 3591 suos
1080 3527 1192 3591 adver·-

134 3627 230 3689 sarios
247 3628 516 3708 transmissurus,
535 3629 656 3691 eaeteris
673 3630 774 3691 ferme
790 3628 866 3691 satis
889 3625 1027 3708 fidebat3
1045 3629 1108 3691 hoc
1127 3650 1192 3691 uno

134 3730 326 3817 angebatur,
344 3730 435 3817 quod
452 3731 599 3811 trajectos
620 3732 653 3793 in
672 3731 796 3793 Italiam
815 3730 950 3811 milites,
975 3730 1031 3793 ubi
1051 3731 1191 3819 patrium

134 3830 236 3893 solum
246 3829 485 3919 adspexissent,
503 3854 544 3894 ne
555 3831 688 3895 desertis
704 3832 802 3919 signis
814 3829 1050 3911 dilaberentur,
1068 3849 1193 3896 metue·

135 3928 202 4011 bat;
221 3946 294 4013 aut,
311 3931 402 4019 quod
420 3934 553 3996 solenne
567 3933 714 3995 civilibus
732 3932 823 3995 bellis
838 3948 903 4012 est,
920 3931 1082 3995 hostibter
1096 3955 1191 3996 vexa-

135 4048 202 4095 rent
211 4033 349 4096 Italiam.
362 4035 523 4096 Caeterum
535 4033 589 4096 hic
602 4034 699 4096 etiam
713 4033 837 4095 serente
849 4032 981 4096 fortuna
993 4057 1088 4116 usus,
1105 4035 1194 4097 ultro

135 4134 306 4197 offerentes
327 4132 539 4213 jurejurando
564 4133 753 4213 adstrinxit,
778 4155 940 4197 rnansuros
964 4134 1054 4221 apud
1076 4138 1191 4221 signa,

135 4254 228 4322 neque
250 4232 396 4297 molestos
415 4237 562 4323 cuiquam
584 4250 691 4322 sponte
712 4256 770 4298 sua
783 4231 872 4320 fore.
899 4236 988 4317 Quin
1007 4252 1040 4300 et
1056 4236 1194 4323 pecunia

166 4399 291 4462 §XXVL
304 4399 426 4448 Ilerodot.
438 4402 476 4457 ΙΙ,
496 4401 538 4454 46.
554 4427 585 4434 --
602 4401 670 4446 Serv.
683 4397 714 4446 ad
724 4401 792 4463 Virg.
806 4399 859 4446 Ecl.
869 4402 907 4456 11,
926 4400 967 4448 31.
985 4425 1018 4436 -
1039 4398 1055 4463 S
1073 4400 1201 4447 xxvrn„

137 4482 189 4530 Tac.
202 4484 270 4530 Anu.
284 4483 350 4539 x11,
366 4483 406 4529 13.
420 4509 454 4518 -
464 4485 567 4530 Pausan.
576 4481 619 4528 lib.
629 4483 675 4530 111.
686 4509 720 4518 -—
728 4483 790 4530 Plio.
801 4484 846 4541 tv,
862 4496 900 4529 ra.
915 4509 950 4519 -
963 4484 1052 4530 Zosim.
1065 4483 1108 4531 lib.
1116 4484 1148 4532 V.
1157 4508 1192 4518 -

137 4562 252 4629 xiphilin.
262 4561 393 4628 nebogab.
406 4592 440 4602 -
448 4565 572 4614 Plutarch.
582 4565 608 4613 in
617 4564 697 4626 Sulla,
707 4582 760 4631 cap.
771 4566 786 4613 5
792 4582 815 4614 ι.
823 4593 857 4603 -
867 4564 981 4630 sigibert.
