2670 5018
342 40 407 104 que
423 35 614 79 consutum:
634 33 743 79 memo
766 34 871 104 spatio
893 34 937 80 tra

341 118 448 182 adhuc
473 142 509 181 ea
535 116 677 181 fluminis
702 118 861 201 altitudo,
887 136 925 183 ut

341 243 470 285 summo
496 236 627 308 pectore
651 236 838 283 exstarent:
863 235 938 283 tran.

341 345 426 403 mes,
446 344 549 408 quum
566 343 705 408 paucos,
722 322 779 409 qui
800 320 939 385 fluminis

341 441 427 489 tatus
446 424 633 511 excepisset.

383 526 504 589 XXIV.
531 526 669 588 Strenue
688 523 806 588 deinde
822 546 940 613 pergen

262 654 266 669 ·
338 649 416 717 gore
432 649 590 715 aquarum
607 624 723 688 affecta
741 648 839 688 cursu
855 625 941 689 reson

340 751 414 792 nam
431 727 597 814 assequuti
613 742 691 789 sunt
704 748 776 807 eos,
792 726 848 813 qui
865 724 906 789 de
922 742 941 789 tt

338 843 421 908 stes,
444 827 514 890 viso
540 828 672 890 Caesaris
696 827 856 907 exercitu,
881 827 942 889 loci

337 930 506 1016 aciemque
524 929 760 992 instruxerunt.
780 931 885 992 Caesar
903 928 942 991 int

337 1030 413 1110 bet3
440 1027 559 1094 deinde
586 1030 705 1093 iterum
731 1029 943 1119 progredient

337 1154 440 1219 quum
467 1130 557 1194 haud
583 1130 722 1218 amplius
747 1132 895 1218 quinque
920 1152 942 1195 n

336 1233 496 1298 montosis
515 1248 547 1295 et
566 1232 712 1320 angustis
738 1233 835 1314 locis,
857 1256 928 1322 quoe

333 1351 480 1423 possent,
498 1335 661 1398 immunes
687 1334 728 1397 ab
752 1335 899 1422 equitatu
916 1337 941 1398 C

334 1438 420 1521 nire,
433 1459 575 1524 eumque
591 1452 664 1499 tuto
679 1438 894 1501 transmittere
909 1460 945 1525 pc

332 1562 443 1629 pugna
455 1554 488 1602 et
502 1538 616 1601 itinere
631 1536 946 1628 detatigati,castra1

332 1640 457 1728 excepti
479 1641 520 1703 ab
542 1639 707 1726 equitibus
730 1656 920 1727 aquatores,

332 1759 430 1824 runt,
452 1741 650 1805 adversarios
674 1740 804 1805 silentio
826 1740 947 1829 proficis

331 1866 404 1907 vasa
421 1843 550 1907 militari
572 1865 663 1906 more
675 1844 886 1923 conclamari,
903 1859 936 1907 ct

330 1962 396 2008 stru
412 1946 520 2009 mulos
538 1945 589 2035 agi
605 1968 681 2008 cum
703 1944 853 2026 fremitu,
870 1968 948 2011 sonu

331 2046 395 2109 hoc
415 2063 487 2112 astu
508 2046 664 2135 adeptus,
689 2047 780 2134 quod
803 2048 949 2135 quaereba

330 2149 439 2190 mmet.-
458 2150 569 2186 Lm„
591 2148 676 2184 ,1,ι...
