2670 5018
398 18 582 69 ennecone,
606 2 773 51 ausonius
793 2 853 51 est.
890 0 901 46 t

397 107 464 154 erat
482 90 619 177 publicae
634 88 869 179 indignationi5
887 91 911 153 1(

399 207 466 254 nito
490 192 661 254 hominurn
688 191 722 253 in
748 191 915 255 clodianan

397 311 430 358 et
445 295 517 360 Sex.
541 293 694 383 Clodius,
718 295 773 380 qui
794 311 907 358 auctor

397 397 520 478 fuerat,
539 417 659 484 magno
674 418 836 459 consensu
858 395 922 459 dan

397 499 501 563 causis
518 496 651 562 diversis
668 495 815 560 eamdem
832 512 925 561 sortet

398 623 450 664 tna
467 622 539 689 pars
560 598 791 664 Clodianorum
812 599 875 662 suit
895 622 928 686 pl

397 703 533 768 crimine
548 702 686 766 Plancus
700 700 798 765 etiam
812 702 932 787 nutusq

397 802 605 867 condemnati
623 817 711 865 sunt.

441 905 556 969 XLIV.
574 903 697 967 Rufum
716 903 797 966 nlius
813 902 919 966 ltufus

398 1006 554 1067 Plancum
572 1003 714 1068 nobilior
730 1002 839 1067 adhuc
857 1018 940 1067 orat<

398 1127 432 1167 se
453 1103 655 1191 oppugnari,
679 1126 777 1190 quem
799 1102 944 1169 defendet

397 1204 534 1267 omnino
554 1203 723 1291 singularis
746 1207 883 1294 exempli
908 1206 944 1270 fu

396 1329 476 1395 quus
492 1306 562 1394 ipse
578 1305 712 1387 tulerat,
729 1306 920 1389 subversor,
941 1332 950 1371 t

395 1408 607 1475 contentione
620 1408 823 1475 incubuerat.
837 1409 901 1474 Sed
916 1432 952 1474 ac

395 1513 512 1578 stantia
525 1511 690 1594 judicum,
707 1512 857 1601 superior
871 1527 954 1600 potet

395 1616 537 1703 primurn
557 1616 603 1679 M.
621 1616 718 1697 Cato,
738 1637 841 1701 quum
858 1615 952 1679 missa

397 1733 545 1805 geretur,
571 1716 730 1780 obturatis
751 1716 898 1799 nuribus,
921 1740 954 1781 ro

396 1819 500 1908 legent
520 1834 585 1882 tam
607 1834 792 1899 recentem,
813 1834 846 1882 et
861 1819 902 1882 ab
922 1819 955 1907 ip

396 1942 493 2006 quam
510 1919 648 1998 rejectus
668 1943 686 1982 a
704 1941 781 2001 reo,
797 1919 954 2007 praejudio‘

396 2020 572 2085 stissimum
595 2044 692 2085 nemo
713 2023 912 2103 rejecturus,
936 2045 954 2085 n

396 2136 498 2203 terea,
522 2123 597 2210 quia
616 2123 681 2204 jam
701 2123 851 2188 damnata
869 2124 903 2186 in
925 2126 951 2188 C

393 2220 537 2304 judices,
560 2248 602 2289 ne
623 2225 707 2289 servi
732 2248 800 2290 esse
821 2224 954 2313 Pompei

395 2344 473 2382 ones
489 2346 557 2374 mn·
596 2350 610 2360 -
638 2350 651 2355 -
