2670 5018
50 13 1273 389 u

141 754 187 826 30
314 758 383 825 so.
409 753 751 824 rnsrnsuaun
782 722 1029 824 sorranus.

143 879 285 958 acritate,
297 893 330 940 et
348 873 508 938 navalium
530 873 696 938 sociorum
711 875 832 938 virtute
854 875 1058 962 praestabant.
1079 872 1209 942 Pontici

103 1059 106 1066 1
144 980 379 1043 maritimarum
392 997 502 1039 rerum
518 973 635 1056 rudes,
646 998 715 1039 non
729 976 837 1039 minus
851 977 936 1041 inter
950 999 1037 1061 sese,
1056 1002 1155 1067 quam
1166 981 1206 1044 ab

144 1082 293 1147 hostibus
311 1079 547 1143 turbabantur:
563 1077 608 1141 ita
625 1076 758 1164 quidem
775 1075 950 1168 flagitiose,
965 1095 1004 1144 ut
1019 1068 1100 1144 Chia
1118 1083 1206 1146 navis

144 1208 215 1273 quae
229 1180 409 1248 Mithridati
433 1177 609 1254 militabat,
629 1178 663 1242 in
680 1180 882 1267 praetoriam,
898 1202 962 1267 qua
983 1203 1040 1244 rex
1059 1181 1130 1269 ipse
1151 1205 1206 1247 ve·

142 1285 297 1365 bebatur,
316 1282 414 1364 illisa,
431 1302 550 1369 magno
561 1279 647 1344 illam
659 1273 786 1368 impetu
797 1303 988 1346 concussam
999 1298 1127 1348 tantum
1139 1307 1205 1350 non

143 1386 349 1475 deprimeret.
640 1368 644 1377 .

187 1489 278 1552 XXI.
298 1485 422 1550 Animis
439 1500 546 1548 tamen
566 1483 739 1570 aequabant
755 1484 904 1567 hostem,
924 1486 1013 1574 quod
1027 1488 1089 1552 sub
1103 1489 1206 1554 oculis

139 1588 337 1656 Mithridatis
356 1584 576 1675 pugnabatur,
596 1584 650 1647 cui
674 1583 772 1649 fidem
793 1608 885 1649 suarn
903 1588 1126 1677 virtutemque
1149 1612 1206 1677 ap·

144 1692 284 1782 probare
299 1687 484 1775 cupiebant.
503 1683 554 1749 Ad
571 1684 635 1748 hoc
651 1685 862 1750 multitudine
880 1688 1010 1753 navium
1025 1690 1208 1778 superiores

145 1792 347 1860 circumdare
363 1790 487 1870 hostes,
504 1788 586 1852 etin
604 1787 748 1853 medinm
764 1789 911 1878 acceptos
928 1792 1075 1880 undique
1092 1791 1209 1883 urgere

146 1897 342 1961 nitebantur.
368 1890 432 1956 Sed
455 1889 489 1953 id
508 1890 688 1978 periculum
713 1890 832 1956 Rhodii
858 1893 987 1978 eadem,
1012 1918 1078 1982 qua
1097 1891 1209 1984 prius,

146 2014 214 2064 arte
234 1998 397 2074 vitarunt3
413 1993 646 2080 trirememque
665 2014 767 2058 unam
791 2016 866 2058 cum
886 1995 964 2083 ipsis
983 1997 1060 2061 viris
1082 2012 1207 2086 captam

145 2101 291 2166 remulco
307 2097 490 2177 trahentes,
506 2095 615 2159 multis
631 2096 838 2175 armamentis
857 2112 954 2185 atque
970 2098 1080 2186 spoliis
1098 2098 1209 2162 onusti

144 2205 179 2267 in
207 2218 339 2290 portum
366 2197 543 2263 redierunt.
571 2199 615 2262 At
639 2213 830 2285 postquam,
859 2200 1025 2263 recensitis
1055 2199 1207 2281 navibus,

146 2305 257 2370 abesse
273 2302 544 2390 quinqueremem
558 2298 683 2380 videre,
702 2300 805 2388 ignari
825 2299 875 2363 ab
887 2301 1038 2366 hostibus
1063 2318 1208 2389 captam,

145 2406 318 2495 quaesitum
333 2425 403 2466 eam
413 2401 589 2465 velociores
602 2401 721 2465 caeteris
734 2424 829 2466 naves
843 2425 898 2466 sex
912 2402 953 2468 de
969 2394 1060 2467 omui
1071 2427 1209 2469 numero

146 2511 318 2596 longarum
335 2504 510 2566 emittunt:
532 2501 566 2563 in
580 2500 632 2565 his
650 2504 845 2592 Damagoras
862 2520 948 2586 erat,
965 2506 1073 2569 classis
1086 2506 1209 2571 rhodiae

147 2609 328 2699 praefectus.

188 2710 295 2773 xxfl.
305 2705 453 2770 Vicissim
470 2727 576 2792 arege
594 2727 689 2770 naves
706 2707 851 2794 quinque
867 2725 900 2772 et
914 2710 1027 2797 viginti
1039 2701 1209 2773 occurrere

142 2812 314 2894 jubentur3
336 2829 416 2894 quas
439 2807 634 2895 Damagoras
653 2830 756 2895 quum
775 2808 815 2872 ad
834 2810 910 2874 solis
931 2832 1082 2874 occasum
1105 2833 1209 2898 usque

144 2913 290 2980 cedendo
301 2910 458 2992 elusisset,
471 2909 697 2975 recedentibus
708 2912 854 2976 invectus
865 2911 945 2976 duas
958 2911 1131 3000 depressit;
1149 2927 1210 2975 tot-

144 3016 231 3080 idem
253 3013 294 3078 ad
317 3014 520 3099 importuosa
539 3013 643 3100 Lyciae
659 3013 753 3076 litom
770 3015 949 3102 compulit:
967 3030 1019 3095 et,
1037 3014 1123 3077 inter
1141 3014 1210 3076 haec

145 3135 241 3182 nocte
256 3130 468 3202 consumpta,
490 3114 645 3202 postridie
661 3114 815 3178 Rhodum
834 3137 980 3178 reversus
999 3130 1059 3178 est.
1077 3114 1209 3177 Mithri-

144 3219 253 3300 dates,
276 3240 381 3305 quum
404 3232 494 3278 tanto
510 3215 716 3304 paucioribus
735 3240 793 3304 par
809 3240 878 3280 esse
897 3240 963 3280 non
978 3216 1157 3303 potuisset,
1175 3216 1208 3278 in

145 3322 245 3386 Chios
262 3317 379 3384 effudit
395 3317 491 3400 iram,
510 3319 635 3405 totique
651 3319 771 3382 civitati
786 3319 945 3399 minatus,
959 3318 1210 3407 gubernatorem

145 3423 252 3502 navis,
266 3443 338 3508 quae
352 3419 385 3482 in
403 3441 494 3483 suam
510 3436 707 3500 accurrerat,
725 3443 799 3483 cum
814 3436 943 3508 proreta
955 3420 1114 3507 supplicio
1130 3422 1209 3483 affe-

95 3517 101 3523 ’
145 3527 197 3589 cit.
216 3523 284 3588 Sub
303 3521 435 3586 eosdem
452 3521 540 3603 dies,
557 3544 660 3609 quum
676 3520 832 3609 pedestris
850 3521 1008 3585 exercitus
1031 3520 1116 3610 regis
1132 3542 1211 3584 one·

145 3627 234 3691 rariis
254 3642 286 3689 et
309 3623 502 3687 triremibus*
514 3622 744 3700 adveheretur,
764 3622 953 3709 repentinus
973 3621 1071 3685 turbo
1085 3637 1209 3709 partem

144 3752 256 3792 earum
272 3727 403 3790 navium
418 3726 452 3787 in
467 3723 622 3788 rhodium
640 3723 717 3786 litus
733 3721 877 3810 impegit.

189 3828 313 3891 XXllI.
343 3825 481 3901 Rhodii,
505 3824 641 3913 impigre
664 3822 765 3886 evecti
788 3822 822 3885 in
846 3821 997 3886 afflictam
1021 3838 1210 3909 tempestate

145 3949 352 4017 sparsamque
362 3926 511 4005 classem,
524 3948 619 3989 naves
627 3923 783 4012 quasdam
793 3946 868 3987 curn
878 3924 954 3986 viris
965 3922 1209 4013 quadringentis

145 4026 459 4116 abripuerunt,alias
468 4027 644 4113 perforatas
652 4026 928 4106 merseruntalto,
942 4041 998 4087 aut
1007 4025 1126 4103 injecto
1136 4027 1210 4115 igne

145 4143 348 4192 exusserunt.
363 4126 499 4207 Nescio,
517 4125 578 4189 hac
599 4148 640 4188 an
661 4127 835 4213 superiore
853 4126 959 4213 aliqua
980 4126 1082 4189 navali
1101 4150 1211 4216 pugna

144 4246 257 4317 captus
276 4227 434 4290 Leonicus
451 4225 569 4305 fuerit,
586 4229 643 4314 qui
662 4249 695 4290 se
712 4225 905 4291 acerrimum
923 4229 1034 4291 salutis
1047 4229 1142 4316 regite
1154 4229 1210 4292 de·

146 4331 310 4395 lensorem
324 4326 496 4415 aliqnando
509 4328 693 4392 ostenderat
707 4352 714 4392 :
729 4329 819 4392 hunc
830 4328 929 4417 igitur
940 4346 977 4393 ut
989 4346 1209 4416 recuperaret,

180 4524 197 4592 §
210 4524 269 4575 XX.
285 4519 387 4569 Diodor.
402 4517 467 4583 apud
476 4519 558 4567 Vales.
569 4546 602 4558 --
614 4521 722 4584 Appian.
735 4548 769 4557 -
779 4517 795 4585 S
806 4522 891 4568 xx11.
901 4521 953 4570 Lir.
964 4521 1030 4587 Epir.
1040 4547 1074 4558 -
1083 4519 1191 4585 Appiae.
