2670 5018
290 725 351 794 ut·
375 724 487 792 roc.
515 724 609 792 mn
637 724 779 792 Lxxx
806 726 1021 798 murini.
1083 793 1089 799 ,
1144 724 1196 821 73.

131 849 161 913 P.
169 846 330 912 lentulus
348 845 493 909 fuerunt.
504 846 549 911 C.
568 845 672 908 Cacsar
687 844 802 908 Strabo
824 844 960 934 hospitis
976 848 1103 912 Etrusci
1120 870 1191 911 sce·
1272 922 1273 926 η

131 949 187 1013 lere
202 946 376 1037 proditus,
395 947 429 1009 in
447 945 618 1033 penatibus
638 946 704 1010 suis
725 946 903 1012 trucidatus
919 965 985 1030 est,
1005 949 1051 1014 Μ.
1065 950 1192 1015 Baebius

130 1053 194 1116 siue
207 1050 297 1114 ferro
312 1048 479 1128 manibus,
498 1048 639 1112 ferarum
652 1070 743 1112 more
762 1047 959 1137 discerptus,
980 1049 1097 1114 deinde
1115 1075 1192 1115 cum

129 1155 161 1217 C.
172 1150 362 1215 Numitorio
377 1173 436 1238 per
452 1147 596 1212 medium
613 1150 721 1212 forum
736 1150 829 1213 uncis
845 1149 1031 1215 carnificum
1049 1167 1193 1238 raptatus

130 1270 184 1318 est.
197 1254 244 1318 M.
256 1253 440 1317 Antonium
452 1251 654 1315 consularem
663 1251 787 1315 villicus
801 1252 834 1314 in
847 1249 967 1339 praedio
981 1273 1042 1315 suo
1053 1253 1192 1335 celabat3

131 1354 184 1419 sed
200 1353 406 1443 simplicitate
422 1353 522 1434 servi,
539 1369 571 1416 et
593 1352 712 1416 scelere
734 1352 890 1440 cauponis
909 1373 960 1415 res
980 1367 1029 1415 est
1047 1351 1192 1440 prodita,
1292 1373 1294 1388 ¹

131 1479 232 1544 quum
241 1479 260 1520 a
269 1456 378 1520 tenuis
391 1456 531 1518 fortunae
545 1454 699 1536 homine,
711 1453 899 1542 generosius
912 1452 1042 1532 vinum,
1056 1467 1088 1516 et
1098 1453 1195 1518 solito

131 1560 248 1641 sarius,
264 1573 439 1622 emeretur.
454 1557 593 1624 Marium
610 1556 713 1645 epulis
729 1556 974 1620 accumbentem
992 1554 1111 1619 detecti
1128 1559 1195 1617 An·

131 1660 209 1724 tonii
220 1659 345 1723 indicio
358 1658 404 1723 sic
417 1657 589 1723 exsultasse
604 1658 732 1738 ferunt,
747 1673 800 1737 ut,
820 1657 961 1720 clamore
975 1656 1080 1739 edito,
1095 1656 1197 1720 mani·

132 1760 257 1848 busque
278 1759 469 1847 complosis,
488 1759 557 1846 ipse
580 1758 785 1848 profecturus
807 1757 849 1823 ad
871 1757 1054 1824 necandum
1077 1758 1194 1840 fuerit,

133 1862 192 1925 nisi
210 1863 295 1926 foret
309 1861 351 1925 ab
367 1861 478 1925 amicis
497 1860 671 1925 cohibitus.
769 1937 771 1941 y

174 1962 242 2027 XL.
260 1962 352 2026 Missi
367 1985 443 2027 cum
458 1963 495 2027 P.
505 1962 614 2026 Annio
630 1961 764 2024 tribuno
782 1960 917 2041 milites,
932 1983 1035 2049 quum
1047 1958 1087 2025 ad
1095 1964 1197 2025 Anto-

134 2065 224 2128 nium
237 2064 419 2145 venissent,
434 2064 480 2128 sic
493 2063 634 2127 hominis
647 2063 831 2150 eloquentia
841 2061 942 2125 veluti
956 2061 1121 2126 constricti
1136 2078 1198 2126 ste·

133 2167 205 2230 tisse
214 2164 387 2249 dicuntur,
399 2181 436 2230 ut
445 2165 658 2255 postlongam
667 2164 937 2251 exspectationem
947 2161 1146 2227 adscendens
1154 2162 1196 2227 ad

131 2266 302 2331 visendum
321 2266 491 2347 tribunus,
510 2266 667 2330 intactum
684 2264 792 2329 adhuc
810 2264 981 2354 repererit,
999 2279 1195 2350 coactusque

132 2368 228 2433 luerit
239 2369 308 2456 ipse
322 2364 531 2432 commodare
546 2368 698 2430 marianae
710 2366 836 2429 saevitias
850 2388 995 2429 manum.
1010 2366 1115 2452 Caput
1127 2365 1195 2427 An-

132 2469 211 2533 tonii
223 2469 362 2533 relatum
375 2467 417 2532 ad
431 2469 588 2548 Marium,
607 2469 686 2532 etin
704 2467 780 2555 ipsis
797 2467 916 2530 mensis
929 2467 1115 2553 appositum
1129 2481 1195 2547 est,

133 2593 191 2634 nec
206 2571 276 2659 ipse
291 2569 467 2649 abstinuit,
482 2570 562 2657 quin
581 2569 648 2633 suis
663 2568 814 2632 manibus
832 2567 925 2633 avide
941 2582 1108 2648 tractaret,
1125 2567 1195 2630 An-

132 2671 306 2759 niumque,
318 2671 441 2735 recenti
453 2671 610 2758 sanguine
622 2670 824 2751 madentem,
839 2670 873 2732 in
886 2670 994 2733 sinum
1007 2691 1105 2734 suum
1119 2668 1197 2732 reci·

133 2787 231 2859 peret.
248 2771 404 2850 Ejusdem
422 2771 559 2858 imperio
576 2772 611 2835 L.
622 2773 743 2853 Cesar,
761 2772 819 2858 qui
838 2772 1044 2835 consulatum
1065 2785 1098 2834 et
1118 2793 1195 2833 cen-

134 2894 240 2936 suram
268 2889 430 2960 gesserat,
453 2871 542 2961 apud
566 2872 798 2937 seditiosissimi
828 2888 860 2936 et
885 2873 1030 2936 vilissimi
1054 2872 1217 2936 hominis-

135 2973 175 3054 Q.
188 2972 275 3035 Varii
294 2972 445 3056 bustum,
465 2996 483 3036 a
505 2974 712 3056 C.Fimbria,
730 2974 955 3038 crudelissimo
971 2975 1082 3040 Cinnae
1102 2976 1197 3039 satel-

135 3073 208 3155 lite,
226 3091 384 3162 tanquam
399 3076 570 3164 piacularis
588 3077 694 3140 hostia
710 3076 895 3141 immolatus
909 3091 966 3140 est.

175 3177 258 3240 XLI.
282 3178 359 3240 Duo
380 3177 503 3259 Crassi,
528 3200 632 3265 quum
656 3178 691 3241 in
713 3178 791 3267 fuga
816 3195 939 3260 essent,
964 3177 1004 3242 ab
1030 3177 1196 3265 equitibus

134 3278 281 3341 Fimbriae
297 3294 375 3341 sunt
391 3279 562 3367 occupati:
583 3277 685 3342 filiurn
705 3279 740 3341 in
762 3297 939 3369 conspectu
956 3280 1054 3367 patris
1070 3280 1195 3366 equites

135 3378 387 3461 interemerunt3
403 3395 509 3466 pater,
525 3402 566 3442 ne
581 3379 661 3467 quid
676 3379 848 3470 indignum
862 3405 919 3446 sua
935 3382 1055 3446 virtute
1072 3396 1197 3468 patere-

136 3495 202 3560 tur,
217 3502 319 3542 suase
332 3503 432 3544 manu
446 3481 616 3546 interfecit.
630 3483 743 3570 Capita
753 3485 901 3548 omnium
913 3507 974 3573 pro
985 3483 1109 3545 Rostris
1121 3496 1198 3545 sunt

136 3581 318 3668 proposita,
332 3597 370 3644 ut
384 3581 472 3645 haud
486 3582 593 3646 minus
609 3585 790 3649 acerbitatis
805 3586 977 3650 ostentatio
992 3583 1129 3648 caedium
1140 3584 1200 3665 ¹ha·

137 3680 240 3764 beret,
252 3705 350 3771 quam
364 3684 500 3772 patratio
515 3684 698 3768 habuisset,
711 3709 814 3774 quum
827 3689 860 3750 in
875 3687 948 3749 foro
960 3708 1096 3749 romano
1107 3687 1199 3751 locus

137 3797 202 3847 tota
216 3783 298 3848 urbe
309 3785 555 3868 celeberrimus,
568 3810 667 3874 quem
680 3788 848 3853 hostilium
861 3789 992 3851 navium
1007 3787 1115 3875 spoliis
1129 3810 1197 3851 ma·

135 3881 217 3960 joras
231 3883 484 3967 adornaverant,
503 3887 754 3953 clarissimorum
768 3890 915 3954 virorum
929 3889 1105 3976 capitibus,
1124 3905 1197 3954 tan·

138 4006 231 4070 quam
245 3986 429 4050 ornamenti
443 4009 538 4051 cerasa
553 3987 736 4076 dispositis,
751 3991 901 4081 oppletus
916 3990 1090 4059 videretur.

170 4231 185 4297 S
199 4237 323 4285 xxm
338 4237 370 4285 U.
380 4237 408 4286 C.
419 4239 484 4297 es&
495 4243 527 4288 A.
538 4240 568 4290 C.
579 4241 621 4301 87.
634 4242 741 4292 -Vell
755 4245 793 4303 11,
808 4259 849 4292 aa.
860 4241 1026 4291 -l’lutaroh⁸
1038 4262 1074 4278 ·-·
1087 4242 1151 4289 Flor.
1164 4267 1199 4278 -

138 4317 190 4365 Vel.
199 4320 267 4369 Mu.
276 4323 332 4379 tx,
343 4336 369 4368 a.
381 4349 416 4358 -
426 4322 482 4370 Liv.
493 4324 560 4388 Epit.
573 4351 608 4361 -
621 4326 711 4374 Lucan.
720 4326 764 4374 lib.
775 4328 813 4385 11,
832 4343 857 4374 v.
872 4341 928 4387 119.
943 4353 976 4362 -
989 4322 1006 4389 s
1018 4325 1071 4371 Η..
1082 4325 1155 4372 Auct.
1168 4323 1198 4371 de

139 4401 188 4449 Vir.
198 4403 233 4454 ill.
243 4421 299 4469 cap.
310 4420 352 4465 ⁷0·
366 4432 401 4446 -
412 4408 519 4472 Appiae.
538 4436 573 4445 -
589 4410 643 4460 Lis.
660 4411 725 4476 Epir.
739 4438 775 4448 —
790 4410 842 4460 Cic.
854 4425 901 4475 pro
913 4412 979 4460 Sext.
992 4425 1046 4474 cap.
1059 4424 1102 4467 ar,
1115 4418 1140 4456 et
1153 4422 1199 4471 pro

138 4485 216 4536 seur.
230 4515 265 4526 -
278 4488 386 4538 Diodes.
399 4490 465 4554 apud
476 4491 556 4540 vua.
