2670 5018
280 780 334 850 IN
362 781 479 851 LOC.
504 781 600 850 LIB.
627 780 716 849 clx
747 777 962 848 LIVIANI.
1085 777 1157 852 655

93 905 202 967 favore
214 901 395 990 plausuque
413 900 527 989 populi
543 917 695 989 exceptus
707 916 775 982 est,
793 897 956 987 floresque
974 891 1108 971 et'aerta
1123 902 1159 971 in

93 1024 169 1068 eum
182 1019 275 1082 Jaeta.

137 1105 258 1170 XXIV.
271 1106 312 1169 At
328 1104 386 1168 ubi
402 1120 452 1168 est
467 1103 518 1169 his
535 1103 576 1168 de
587 1103 684 1169 rebus
696 1105 731 1168 in
746 1120 861 1168 senatu
873 1103 1028 1186 relatum,
1042 1107 1159 1173 Caesari
1273 1174 1275 1178 ,

93 1207 240 1294 plerique
257 1228 371 1270 omnes
388 1205 588 1294 abrogarunt
605 1206 799 1294 imperium3
817 1206 1046 1294 relinquebant
1063 1207 1160 1273 Pom·

82 1295 184 1397 poio:
200 1330 274 1371 nam
289 1307 404 1371 astutia
417 1308 559 1371 consulis
575 1308 710 1372 seorsim
725 1306 765 1371 de
778 1322 920 1394 utroque
934 1306 1070 1372 relatum
1079 1325 1158 1375 erat.

92 1411 197 1498 Igitur
217 1408 318 1472 Curio
340 1407 453 1472 denuo
475 1407 676 1486 conjunctim
699 1407 819 1471 referre
843 1406 958 1496 coepit,
975 1405 1160 1495 placeretne

91 1509 245 1574 dr'scedere
268 1523 434 1598 utrumque
458 1508 500 1572 ab
524 1512 641 1589 armis,
667 1511 881 1597 exercitusque
906 1508 1086 1573 dimatant
1108 1509 1159 1575 lbi

92 1607 222 1673 duobus
235 1625 361 1673 tantum
377 1626 409 1673 et
421 1610 536 1698 viginti
555 1610 788 1691 renuentibus,
808 1611 944 1673 trecenti
957 1611 1161 1701 septuaginta

92 1710 125 1773 in
145 1713 338 1776 sententiam
359 1711 510 1776 Curionis
527 1711 756 1777 discesserunt.
775 1710 848 1775 Hoc
870 1710 929 1775 ubi
950 1712 1073 1775 lactum
1093 1728 1157 1796 est,

10 1802 15 1810 ’
93 1814 130 1876 C.
146 1812 334 1894 Marcellus,
351 1827 499 1877 senatum
522 1812 709 1890 dimittens,
732 1813 902 1895 «Vincite,
925 1813 1098 1894 exclamat,
1119 1831 1159 1880 ut

91 1942 105 1968 ι
114 1912 285 1977 dominum
301 1913 444 1978 habeatis
459 1915 616 1978 Caesarem
627 1945 649 1979 ι.
665 1915 901 1980 Intercesaione
915 1929 1024 1979 tamen
1038 1916 1159 1983 amieo·

91 2036 165 2079 rum
182 2015 343 2103 Pompeii,
359 2014 532 2095 adjuvante
547 2015 700 2097 contule,
717 2038 768 2079 res
786 2016 906 2080 effectu
920 2016 1034 2083 caruit.

135 2117 239 2182 XXV.
253 2117 317 2181 Sed
332 2133 366 2181 et
379 2117 458 2180 falso
471 2139 605 2180 rumore
616 2116 776 2181 venientis
785 2139 861 2181 cum
873 2117 1015 2181 exercitu
1026 2119 1159 2185 caesaris
1261 2188 1265 2196 ,

92 2218 177 2282 Urbs
198 2221 348 2283 exterrita
370 2218 573 2308 trepidabat:
588 2241 656 2306 quo
677 2240 756 2283 usus
776 2220 812 2283 C.
831 2219 1021 2299 Marcellus,
1044 2237 1160 2287 senatu

91 2335 224 2401 coacto,
245 2322 356 2386 retulit
374 2321 414 2385 de
438 2320 639 2410 legionibus,
661 2319 742 2408 qu'as
763 2336 903 2385 retentas
926 2320 1025 2385 fuisse
1042 2324 1160 2411 Capuae

92 2420 248 2504 diximus,
271 2424 320 2486 uti
340 2440 454 2488 contra
476 2427 634 2488 Caesarem
657 2423 876 2488 mitterentur.
897 2422 961 2488 Sed
982 2423 1160 2489 obsistebat

91 2525 127 2587 C.
150 2524 270 2605 Curio,
293 2525 478 2613 frustraque
500 2525 568 2588 haee
593 2523 658 2588 dici
683 2523 837 2612 credique
860 2523 1048 2590 testabatur.
1072 2526 1159 2615 Ergo

13 2709 17 2717 Ι
91 2626 223 2706 consul,
237 2625 557 2715 «Quandoquidem,
571 2625 696 2714 inquit,
708 2624 750 2690 de
763 2625 931 2690 communi
946 2641 1075 2690 senatus
1089 2647 1161 2691 sen·

91 2728 214 2791 «tentia
234 2727 419 2818 reipublice
438 2729 609 2793 oonsulere
623 2726 820 2815 prohibeor;
839 2742 872 2793 at
885 2749 946 2817 ego
967 2728 1079 2792 saltem
1097 2750 1159 2816 pro
1263 2760 1272 2771 ’

91 2845 270 2916 «potestate
285 2854 358 2915 pnea
377 2831 579 2895 consulam».
602 2830 707 2894 Simul
729 2829 877 2895 exsiliens
896 2829 1003 2909 ouria,
1024 2829 1060 2893 in
1078 2829 1159 2897 sub-

92 2931 241 3013 urbium,
259 2931 315 2996 ubi
338 2932 514 3020 Pompeius
532 2931 663 3020 agebat,
682 2932 866 3020 procurrit3
887 2945 1104 3019 porrectoque
1128 2930 1159 2995 ei

91 3032 214 3118 gladio,
233 3034 412 3098 «Iubemus
430 3050 481 3114 te,
499 3034 626 3121 inquit,
650 3048 764 3098 eontra
780 3035 937 3100 Caesarem
956 3032 1073 3097 bellare
1096 3054 1158 3120 pro

91 3135 232 3219 «patria,
249 3135 422 3222 copiasque
436 3136 496 3199 tibi
509 3134 685 3214 tradimus,
705 3149 826 3222 etque
843 3156 933 3199 nunc
949 3134 1084 3219 Capuae,
1100 3148 1158 3198 aut

92 3250 332 3323 «percuterem
345 3236 469 3300 ltaliam
483 3251 580 3316 sunt,
596 3251 630 3300 et
644 3257 725 3323 quas
742 3257 782 3299 ex
797 3235 889 3299 novis
905 3255 1017 3321 parare
1028 3231 1159 3297 delecti·

92 3337 178 3401 «bus
192 3337 315 3401 voles».

135 3438 256 3502 XXVI.
276 3439 360 3503 Nam
380 3459 447 3502 una
464 3460 574 3502 secum
592 3437 743 3502 consules
760 3436 945 3526 designatos
961 3434 1157 3519 adduxerat,

92 3562 133 3604 ne
149 3563 218 3621 res,
238 3564 256 3603 a
274 3563 308 3604 se
325 3541 395 3603 solo
419 3554 586 3626 suscepta,
603 3561 719 3627 parum
744 3538 879 3603 baberet
900 3537 1069 3602 momenti.
1086 3539 1157 3603 Jam

92 3641 178 3705 enim
197 3641 230 3704 in
248 3641 337 3705 exitu
351 3641 539 3705 consulatus
556 3639 625 3720 ejus
639 3656 726 3725 erat3
742 3639 805 3705 sub
820 3637 912 3727 quod
928 3654 1058 3726 tempus
1073 3637 1159 3705 desi-

91 3758 265 3828 gnatorum
281 3741 347 3820 jam
366 3742 507 3806 multum
523 3741 649 3807 valebat
664 3742 854 3822 auctoritas,
873 3739 993 3828 quibus
1008 3757 1042 3806 et
1057 3741 1158 3807 literae

93 3840 302 3906 tradebantur
314 3841 356 3907 ad
370 3858 517 3907 senatum
532 3842 676 3931 scriptae,
689 3859 722 3907 et
736 3842 796 3907 alin
809 3840 957 3930 quedam
968 3865 1080 3931 gerere
1094 3867 1156 3933 pro

91 3943 281 4030 consulibus
299 3944 425 4009 licebat.
443 3947 485 4009 At
506 3945 700 4032 Pompeius,
716 3967 819 4032 quum
845 3966 973 4033 semper
990 3944 1105 4009 luisset
1120 3937 1174 4010 in'

90 4044 251 4125 ejusmodi
270 4046 368 4111 rebus
384 4062 552 4111 accuratus
572 4064 604 4109 et
622 4045 777 4136 diligens,
794 4045 944 4134 cupidius
961 4069 1059 4133 quam
1075 4070 1156 4135 pru·

91 4146 219 4213 dentius
241 4149 386 4215 oblatum
411 4149 535 4237 accepit
555 4148 749 4236 imperium,
766 4170 874 4236 neque
895 4147 1053 4235 aquibus
1074 4148 1155 4225 ribi,

91 4271 198 4336 neque
214 4249 382 4337 quomodo
398 4248 623 4332 mandaretur,
639 4249 848 4345 considerans
866 4272 875 4316 ε
893 4249 927 4314 in
944 4250 1084 4338 speeiem
1107 4265 1156 4313 ta·

124 4461 141 4528 s
155 4465 254 4514 xxm.
269 4465 333 4515 Plut.
347 4466 374 4514 in
386 4465 450 4515 Cu.
461 4491 496 4503 -
508 4465 617 4532 Appiae.
632 4463 696 4530 -S
711 4467 809 4515 XXIV.
821 4466 887 4516 Plut.
898 4467 925 4513 in
937 4465 1024 4529 Pomp·
1039 4491 1074 4501 -
1090 4464 1156 4514 Hirt.

90 4573 124 4584 -
139 4547 156 4613 s
169 4548 253 4596 HV.
266 4549 330 4597 Hirr.
339 4576 374 4585 -
384 4549 491 4615 Appian.
503 4575 538 4586 -
547 4548 611 4599 l’lut.
624 4576 657 4589 -·
667 4549 723 4597 uto.
