2670 5018
253 761 310 830 IN
341 760 456 829 LOC.
484 760 579 829 LIB.
606 762 850 830 LXXXVIII
879 763 1095 835 LIVIANI.
1139 767 1204 862 187

144 883 209 945 haec
223 903 340 962 servo,
362 881 389 944 si
404 880 574 946 dominum
589 879 775 961 occidissem
793 881 878 963 haec,
895 883 922 947 si
938 901 1119 971 parentem,
1140 888 1206 955 filio

142 982 464 1070 repraesentabantur.
475 981 807 1046 Proditoribusetiam
817 983 985 1047 latentium
995 989 1207 1073 praemiacou·

142 1084 253 1148 stituta
273 1098 362 1147 suut.
385 1083 536 1171 Denique
555 1099 697 1170 quatuor
717 1084 815 1148 millia
836 1086 1050 1174 septingenti,
1069 1111 1151 1175 quos
1168 1114 1206 1156 ea

142 1186 239 1273 pestis
257 1183 410 1264 sustulit,
422 1183 559 1263 jubente
577 1184 681 1265 Sulla,
701 1201 854 1272 tanquam
871 1185 912 1250 ad
927 1189 1068 1274 praeclari
1082 1191 1206 1255 facino·

141 1290 183 1352 ris
201 1286 393 1352 servandam
415 1287 626 1369 memoriam,
646 1287 679 1349 in
701 1287 825 1375 tabulas
845 1288 990 1375 publicas
1009 1289 1099 1353 relati
1120 1308 1206 1358 sunt.

142 1393 178 1454 ln
194 1390 246 1453 his
263 1405 453 1454 senatorum
466 1389 680 1478 equitumque
692 1411 902 1452 romanorum
917 1388 984 1452 duo
998 1391 1094 1454 millia
1107 1392 1205 1457 fuisse

142 1491 306 1555 traditum.
1218 1575 1221 1580 ἴ

182 1593 309 1658 XXIII.
334 1594 449 1680 Neque
471 1593 583 1657 Romae
604 1606 749 1673 tantum,
774 1590 832 1656 sed
853 1614 911 1680 per
935 1592 1119 1658 universam
1139 1597 1204 1659 Ita-

140 1694 232 1775 liam,
248 1694 373 1758 furialis
392 1693 446 1757 illa
466 1708 636 1781 tempestas
660 1693 813 1759 desaeviit.
834 1694 956 1759 Severae
976 1696 1093 1782 passim
1114 1721 1204 1784 quae·

139 1795 259 1859 stiones
275 1795 496 1876 habebantur,
510 1795 536 1859 si
551 1796 625 1883 quis
642 1795 703 1858 sub
717 1796 839 1877 Mario,
858 1813 914 1861 aut
931 1799 1097 1879 Carbone,
1114 1798 1200 1888 lega-

140 1896 216 1959 tisve
232 1919 348 1960 eorum
366 1895 524 1984 stipendia
542 1897 626 1961 civili
646 1897 732 1961 bello
747 1898 936 1979 meruisset3
955 1900 981 1962 si
998 1916 1103 1988 partes
1121 1924 1202 1989 ope,

139 1999 273 2061 oonsilio
286 1999 439 2080 juvisset3
455 1998 482 2062 si
498 1998 635 2074 omnino
649 1998 815 2068 studiosus
833 1999 960 2063 illarum
976 2000 1099 2064 fuisset.
1117 2001 1202 2083 Qui·

138 2098 275 2162 busdam
292 2100 390 2163 etiam
406 2099 533 2164 crimini
554 2098 666 2164 datum
689 2101 853 2181 referunt,
877 2099 968 2186 quod
992 2123 1068 2164 cum
1093 2102 1201 2188 aliquo

138 2222 250 2264 eorum
276 2222 453 2264 commune
472 2201 534 2264 iter
555 2200 733 2265 inivisseut.
755 2201 805 2265 lbi
826 2201 936 2265 omnia
959 2199 1066 2264 divina
1087 2202 1202 2265 huma·

140 2324 245 2391 neque
258 2303 377 2366 violata
389 2318 422 2365 et
435 2303 558 2390 polluta
573 2319 672 2367 sunt:
686 2303 792 2367 mariti
803 2303 837 2366 in
851 2303 981 2392 gremiis
995 2325 1152 2381 uxorum,
1166 2304 1201 2365 in

138 2405 211 2468 siuu
223 2420 364 2468 matrum
378 2404 472 2467 liberi
484 2405 626 2470 confossi
638 2428 647 2470 ε
661 2428 748 2471 sacra
762 2406 948 2493 hospitalia,
965 2405 1156 2470 caerimoniae
1169 2419 1202 2467 et

137 2507 308 2596 religiones
323 2505 479 2587 deorum,
495 2508 629 2594 ipsaque
643 2530 757 2572 eorum
770 2509 962 2594 penetralia,
977 2507 1099 2572 nemini
1113 2528 1202 2572 secu·

136 2631 208 2672 rum
228 2607 383 2672 adversus
400 2631 603 2696 percussores
616 2610 801 2697 perfugium
820 2608 950 2672 dabant.

178 2709 300 2772 XXIV.
324 2710 466 2796 Eratque
488 2732 643 2774 numerus
666 2712 799 2800 exiguus
820 2732 879 2799 per
901 2710 980 2773 iram
1004 2725 1061 2773 aut
1084 2708 1198 2773 odium

135 2810 265 2874 victoris
279 2812 506 2898 pereuntium,
526 2834 593 2900 prae
612 2813 822 2876 multitudine
842 2834 975 2892 eorum,
993 2811 1048 2898 qui
1063 2811 1197 2874 faculta-

136 2926 205 2974 tum
223 2933 320 2975 causa
336 2912 535 2977 necabantur
552 2937 560 2977 ε
577 2936 718 3000 quorum
738 2914 833 2977 etiam
847 2935 906 3001 per
921 2913 1197 2978 nomenclatorem

135 3012 318 3099 conquisita
336 3014 469 3077 nomina
487 3015 604 3079 tabulae
623 3015 867 3102 proscriptionis
891 3032 1047 3104 tyrannus
1072 3013 1196 3094 adjecit.

136 3113 175 3195 Q.
185 3115 354 3196 Aurelius,
367 3116 417 3179 vir
432 3116 532 3203 quieti
541 3117 656 3197 animi,
674 3133 706 3180 et
718 3117 916 3181 conscientia
930 3138 1078 3195 securus,
1093 3137 1197 3201 quum

134 3227 260 3277 tautum
272 3214 412 3278 aliorum
423 3216 484 3280 sibi
497 3215 671 3282 dolendam
683 3219 787 3283 vicem
801 3233 946 3305 putaret,
963 3217 1052 3281 lectis
1064 3215 1198 3302 proscri-

135 3331 268 3404 ptorum
285 3318 492 3399 nominibus,
516 3342 619 3408 quum
636 3343 670 3385 se
688 3342 821 3407 quoque
837 3318 960 3383 videret
981 3315 1196 3402 adscriptum,

133 3417 209 3481 Νι
220 3419 341 3482 misero
350 3419 447 3501 mihi,
461 3420 582 3507 inquit,
597 3422 720 3485 fundus
730 3421 873 3486 Albanus
890 3442 944 3482 me
956 3416 1194 3505 persequitur».
1290 3429 1296 3451 ¹

133 3515 249 3604 Neque
264 3519 362 3608 longe
378 3542 584 3609 progressus,
604 3543 623 3584 a
642 3521 803 3608 quodam,
826 3521 883 3609 qui
906 3542 980 3583 eum
1006 3531 1196 3606 agnoverat,

133 3641 304 3706 percussus
320 3636 370 3684 est
386 3644 394 3684 :
410 3621 562 3708 idemque
580 3623 645 3686 sive
663 3623 772 3703 Lollii,
797 3623 862 3686 sive
881 3617 1048 3698 cujusdam
1065 3617 1196 3680 alterius

133 3718 251 3801 latum,
267 3720 324 3785 sed
343 3743 383 3785 ex
399 3722 515 3786 merito
534 3723 606 3786 fuit.

175 3821 279 3885 XXV.
292 3821 325 3885 Is
336 3823 490 3911 singulari
504 3825 657 3911 pravitate
669 3824 790 3913 ingenii
804 3822 889 3886 inter
900 3820 1028 3884 turbam
1040 3820 1075 3882 iu
1086 3819 1196 3883 forum

131 3920 171 3985 ad
183 3923 354 4011 legendam
371 3925 512 3988 tabulam
526 3926 665 4013 gestiens
680 3937 906 4013 procurreret,
923 3937 956 3984 et
969 3942 1111 4007 quorum
1127 3943 1198 4008 pro·

131 4024 232 4108 posita
250 4027 386 4087 nomina
407 4043 596 4116 cognosset,
614 4028 648 4089 iu
667 4049 723 4092 eos
740 4027 841 4090 multa
854 4022 1089 4088 contumeliose
1104 4021 1195 4086 dice·

132 4120 204 4204 hat,
226 4125 407 4189 calamitate
433 4127 626 4192 miserorum
652 4126 795 4218 gaudeus
816 4149 824 4190 ε
846 4126 946 4215 igitur
972 4125 1061 4188 hunc
1086 4124 1194 4187 statim

164 4352 180 4418 s
192 4355 280 4403 1¹11.
291 4355 400 4420 Appiam
414 4357 468 4405 etv.
480 4359 524 4406 lib.
537 4359 561 4406 l.
572 4385 608 4394 —
620 4358 684 4407 Plut.
694 4385 730 4396 —
739 4359 802 4407 Vell.
817 4360 854 4416 11,
868 4359 910 4405 28.
925 4355 1021 4403 -vu
1032 4354 1158 4409 Mmlx,
1171 4366 1196 4399 a.

134 4461 165 4473 -
178 4439 242 4488 Floe.
262 4465 299 4476 -
315 4440 446 4503 Angustia.
464 4442 495 4490 de
512 4442 587 4491 civit.
606 4443 666 4499 Dei,
679 4444 728 4501 111,
743 4443 784 4491 28.
801 4469 836 4479 -
853 4441 906 4490 Liv.
921 4441 987 4505 Epit.
1010 4465 1045 4476 -
1063 4436 1079 4501 S
1096 4434 1194 4484 mv.

134 4520 200 4572 om.
213 4551 246 4562 -
258 4521 368 4573 medor.
380 4525 446 4590 apud
457 4525 512 4575 vu.
