2670 5018
249 735 310 806 IN
342 731 577 804 Loci-Llss'.
603 735 790 806 LXXVII
819 735 1033 806 LIVIANI.
1080 799 1081 803 ,
1159 762 1184 833 9

103 889 116 912 κ
126 879 261 945 quoque
276 856 348 923 fieri
361 879 459 946 posse
470 855 512 921 de
525 858 584 942 iis,
600 880 743 946 quorum
755 857 925 945 iniquitate
939 879 973 921 se
984 859 1095 922 laesum
1108 880 1184 922 con-

105 962 178 1025 ·sul
194 960 285 1024 Sulla
300 975 531 1047 conqueratur.

149 1065 259 1128 XXII.
275 1061 578 1149 «Nihilantiquius
594 1082 663 1126 esse
681 1061 829 1141 senatui,
847 1082 945 1148 quam
962 1075 1000 1124 ut
1015 1061 1101 1123 inter
1117 1061 1182 1123 cla-

104 1197 117 1219 u
128 1187 182 1229 ros
198 1180 232 1228 et
246 1179 399 1253 potentes
414 1162 521 1245 viros,
544 1185 616 1252 quae
638 1162 815 1227 inciderint
832 1161 1081 1245 controversiae,
1102 1162 1182 1226 citra

104 1266 252 1355 «publici
272 1281 376 1330 status
392 1265 594 1353 periculum,
611 1287 651 1330 ex
663 1287 758 1352 aequo
774 1280 807 1329 et
821 1264 912 1329 bono
928 1280 1179 1351 componantur.

105 1368 292 1432 «Eumdem
310 1366 456 1431 animum
477 1382 511 1431 et
529 1368 565 1431 C.
582 1365 741 1448 Marium,
758 1382 792 1430 et
808 1367 845 1431 P.
862 1366 1043 1454 Sulpicium
1065 1388 1131 1453 prae
1147 1387 1182 1429 se

104 1473 230 1534 ulerre:
254 1492 316 1534 nec
339 1467 502 1551 dubitari,
529 1468 610 1556 quin
635 1491 694 1556 par
720 1484 849 1532 maneat
877 1484 909 1531 et
935 1466 1125 1531 consulibus
1146 1466 1179 1529 in

104 1593 338 1634 «communem
355 1569 491 1661 patriam
506 1569 619 1658 pietas.
637 1568 727 1633 Nihil
744 1593 827 1659 opus
848 1591 917 1634 esse
931 1568 1047 1650 armis,
1061 1568 1120 1632 ubi
1135 1569 1181 1632 ci-

105 1671 181 1734 -viti
197 1670 359 1735 modestia
373 1671 506 1759 transigi
525 1672 640 1736 melius
656 1672 781 1760 possit:
800 1694 861 1736 nec
876 1671 984 1736 adhuc
1001 1670 1180 1735 admissum

104 1789 192 1837 ·tam
210 1773 406 1861 inexpiabile
428 1772 627 1860 quidquam,
652 1789 691 1838 ut
713 1773 755 1838 ad
772 1791 923 1838 extremae
943 1774 1181 1863 desperationis

104 1876 244 1940 «auxilia
260 1876 365 1941 veniri
382 1892 542 1965 oporteat.
562 1878 725 1964 Tempore
744 1876 972 1941 tantummodo
996 1893 1030 1941 et
1052 1876 1180 1940 modica

105 1978 282 2066 «patientia
298 2000 368 2042 rem
383 1977 538 2067 indigere.
555 1978 660 2067 Igitur
673 1978 737 2043 hoc
754 2000 859 2042 unum
871 1977 1036 2066 deprecari
1049 1978 1181 2056 Patres,

104 2103 169 2143 «ne
186 2103 246 2168 per
262 2081 460 2170 praecipitem
479 2079 682 2144 iracundiam
705 2081 812 2144 omnis
832 2079 1015 2145 concordiae
1030 2101 1102 2168 spes
1122 2079 1180 2143 ab·

103 2215 116 2235 a
124 2183 263 2263 jiciatur.
277 2183 398 2247 Omnia
415 2198 634 2263 conventura,
649 2180 750 2246 modo
768 2181 854 2245 hunc
870 2180 949 2244 dent
964 2180 1115 2245 consules
1131 2202 1181 2244 se·

104 2285 218 2348 ·natui
239 2285 384 2364 veniam,
401 2299 496 2347 utne
515 2284 651 2371 propius
672 2282 820 2371 quinque
843 2281 941 2345 millia
963 2304 1119 2369 passuum
1138 2283 1179 2345 ab

106 2385 216 2449 -Urbe
234 2402 338 2450 castra
357 2400 541 2466 metentur,
555 2384 661 2449 donee
678 2386 788 2449 Patres
804 2384 980 2471 conscripti
997 2384 1180 2448 consultare

107 2486 266 2574 «amplius
280 2485 321 2550 de
335 2487 548 2575 praesentibus
561 2487 698 2575 possint.
712 2519 724 2544 tt

148 2588 271 2653 xxfll.
288 2587 340 2655 Ad
354 2588 460 2654 Pictas
477 2588 546 2652 haec
560 2589 759 2677 agebantur:
775 2588 809 2652 id
820 2587 962 2653 tabernis
976 2610 1098 2652 nomen
1111 2606 1180 2654 erat

105 2689 145 2753 ad
163 2690 319 2778 quintum
340 2689 505 2755 decimum
528 2691 569 2754 ab
593 2690 682 2754 Urbe
698 2689 839 2780 lapidem
858 2690 909 2753 via
927 2691 1084 2754 Lavicana
1098 2691 1177 2756 sitis.

106 2790 153 2854 lbi
168 2815 362 2880 responsum
376 2816 394 2857 a
411 2793 499 2857 Sulla
519 2794 613 2883 legati
626 2793 851 2874 abstulerunt,
868 2796 901 2857 in
917 2792 987 2857 loco
1000 2809 1107 2858 castra
1117 2818 1178 2882 po·

104 2893 258 2973 silurum
277 2893 394 2982 idque,
413 2895 490 2982 ipsis
503 2894 732 2976 audientibus,
750 2917 841 2959 more
861 2895 1103 2959 militiaestatim
1115 2896 1177 2959 im-

104 3012 252 3082 peratum
271 3014 329 3062 est.
353 3000 399 3062 At
421 2998 490 3061 baec
512 2999 675 3062 simulatio
693 2998 866 3062 consulum
888 3013 974 3080 erat:
994 3020 1069 3061 nam
1095 2999 1177 3086 ipsi,

104 3097 238 3161 mosibo
251 3098 414 3162 intellecto
429 3099 653 3181 inimicorum,
665 3099 745 3163 dum
757 3100 871 3188 legati,
884 3102 974 3164 velut
987 3101 1179 3188 impetrato,

104 3203 194 3289 quod
210 3203 381 3285 volebant,
399 3203 463 3268 laeti
485 3203 625 3268 redeunt
643 3206 800 3286 Romam,
820 3208 855 3270 L.
870 3206 993 3286 Basilo,
1011 3207 1048 3269 C.
1067 3207 1178 3270 Mum-

104 3306 171 3367 mio
189 3306 378 3392 prmmissis‚
393 3306 491 3369 citato
507 3306 636 3395 agmine
653 3323 848 3394 sequuntur.
868 3308 956 3372 Sulla
976 3307 1177 3394 Esquilinam

104 3422 229 3492 portam
255 3430 331 3471 cum
356 3408 462 3471 vicina
487 3423 578 3495 parte
607 3407 831 3497 occupandam
855 3430 931 3473 cum
958 3408 1086 3496 legione
1112 3430 1177 3471 una

104 3524 307 3596 sumpserat:
326 3509 487 3573 Collinam
502 3531 578 3573 cum
592 3510 653 3572 alia
665 3510 793 3599 legione
811 3509 986 3598 Pompeius
1000 3532 1007 3572 :
1027 3507 1067 3572 ad
1081 3509 1178 3571 subli-

104 3609 190 3672 cium
206 3624 343 3697 pontem
362 3611 476 3693 tertia,
495 3626 610 3698 quarta
629 3633 688 3698 pro
712 3610 815 3674 muris
836 3611 877 3675 ad
895 3608 1077 3675 subsidium
1094 3625 1178 3674 stare

100 3712 187 3790 jussa
200 3728 270 3776 est:
290 3710 364 3776 duae
382 3712 490 3777 hostili
511 3712 644 3776 fremitu
661 3713 838 3799 animoque
856 3713 889 3775 in
910 3711 1032 3776 Urbem
1049 3713 1178 3801 irrupe-

103 3828 189 3878 runt
211 3815 259 3878 lbi
274 3836 379 3902 quum
393 3814 483 3894 juxta
497 3815 612 3879 collem
634 3815 841 3903 Esquilinum
857 3814 980 3878 Marius
998 3813 1177 3904 Sulpicius-

102 3937 166 3999 que
182 3937 259 3978 cum
277 3916 489 3979 tumultuaria
512 3938 612 3980 manu
633 3918 869 3999 occurrissent,
887 3917 1105 3981 miserrimum
1128 3919 1176 3981 l'a·

100 4016 193 4081 cinus
215 4017 338 4082 lactrtm
355 4034 423 4100 est,
445 4034 482 4081 ut
500 4019 534 4082 in
556 4019 625 4107 ipsa
646 4020 730 4083 urbe
748 4043 815 4084 non
835 4043 893 4108 per
909 4019 1124 4100 seditionem,
1143 4034 1177 4083 et

100 4120 256 4208 correptis
277 4136 400 4185 temere
421 4121 510 4202 telis,
528 4121 586 4186 sed
604 4139 717 4209 aperto
741 4138 843 4186 marte
866 4122 965 4209 signis
983 4120 1175 4184 canentibus

133 4345 150 4409 s
166 4347 250 4394 xxn.
263 4349 295 4396 U.
309 4348 339 4395 C.
353 4349 420 4405 tom
433 4350 465 4395 A.
475 4349 504 4396 C.
517 4350 559 4396 88.
576 4375 610 4385 -
626 4347 749 4396 Plutarch.
763 4349 789 4396 in
805 4349 884 4409 Sulla,
899 4353 1005 4415 cnp.18.
1024 4374 1059 4384 -
1072 4347 1174 4398 Cluver.

99 4428 247 4494 ltabbntiq.
257 4433 307 4489 111,
322 4439 348 4486 4.
368 4458 403 4467 -
420 4428 548 4494 §xxm
562 4434 671 4501 Appitn.
688 4461 723 4472 ·-
736 4433 860 4483 Plutarch.
877 4463 911 4473 -
930 4436 993 4483 Flor.
1010 4435 1064 4491 ΙΙΙ,
1082 4448 1124 4480 21.
1140 4455 1174 4466 -

99 4512 497 4578 corpu-sonnonem.
1222 4506 1264 4720 1
