2670 5018
77 13 1329 383 .-

172 779 213 824 12
309 757 414 825 ἸΟ.
441 755 784 827 FREINSHEMII
815 757 1062 828 SUPPISEM.

168 876 295 940 Ostiam
311 875 498 958 descendit,
517 893 713 966 repertoque
734 879 882 968 navigio,
904 879 995 967 quod
1013 903 1101 944 unus
1118 882 1240 946 amico·

167 1000 242 1041 rum
261 977 437 1043 Numerius
456 995 638 1066 paraverat,
656 1003 733 1044 cum
752 980 1062 1070 privignoGranio,
1078 980 1134 1046 lilii
1154 983 1240 1048 redi·

168 1094 239 1144 turn
261 1104 328 1144 non
354 1098 564 1169 exspectans,
585 1082 797 1174 abnavigavit.
815 1084 950 1148 Interim
971 1083 1159 1149 adolescens
1180 1085 1240 1150 im-

169 1183 297 1245 minens
314 1181 448 1246 exitium
463 1181 527 1247 fide
542 1199 576 1249 et
589 1201 662 1249 astu
678 1186 775 1251 villici
790 1186 900 1250 evasit
922 1186 1037 1268 Quum
1055 1187 1142 1250 enim
1164 1210 1238 1251 eum

169 1285 203 1349 in
217 1283 339 1372 prandio
356 1284 509 1350 muciano
522 1284 791 1375 deprehendisset
805 1285 892 1370 dies,
903 1285 946 1350 ad
962 1288 1241 1377 comprehenden-

168 1385 248 1450 dum
270 1409 347 1451 eum
370 1387 558 1476 suspicione
579 1386 670 1453 ducti
693 1388 820 1477 equites
836 1389 1062 1478 properabant.
1083 1388 1133 1453 lbi
1152 1389 1239 1452 enim

167 1489 267 1553 latere
289 1489 410 1554 lllarios
430 1511 526 1577 posse
546 1507 680 1580 propter
703 1489 893 1555 affinitatem
919 1489 1094 1572 rebantur,
1114 1506 1147 1553 et
1164 1492 1240 1577 quia

166 1591 297 1656 Mucius
309 1591 438 1656 hostem
451 1592 593 1656 Marium
604 1591 750 1672 judicare
762 1594 929 1658 noluerat:
946 1591 1037 1680 quod
1047 1592 1117 1672 ejus
1131 1593 1240 1656 nobile

166 1695 288 1758 lactum
307 1717 375 1760 non
397 1710 446 1760 est
460 1694 589 1760 silentio
605 1693 878 1783 praetereundum.
896 1695 1010 1777 Quum
1029 1695 1066 1758 L.
1084 1693 1178 1778 Sulla,
1191 1694 1239 1756 vi·

166 1812 239 1860 ctor
251 1796 381 1860 armatis
398 1795 665 1861 circumdedisset
679 1797 823 1877 curiam,
840 1817 947 1884 eoque
963 1797 999 1860 C.
1020 1795 1161 1860 Marium
1179 1794 1240 1858 ho·

167 1913 249 1962 stem
260 1897 391 1962 decerni
400 1899 546 1987 cupienti
556 1921 653 1963 nemo
663 1897 799 1962 auderet
808 1920 944 1987 negare,
956 1897 1045 1961 solus
1057 1897 1099 1979 Q.
1112 1897 1240 1961 Mucius

167 2000 486 2065 sententiamdiccre
499 2001 616 2065 noluit.

211 2103 319 2167 XXX.
343 2105 453 2191 Atque
480 2102 591 2167 mitius
614 2103 754 2166 instante
779 2100 886 2182 Sulla,
905 2099 1006 2163 «Non
1026 2099 1090 2183 ita,
1114 2099 1240 2186 inquit.

167 2202 312 2292 agladios
327 2219 401 2269 tuos
415 2205 610 2284 extimesco,
627 2218 665 2266 ut
681 2219 815 2291 propter
828 2202 886 2266 has
898 2200 1006 2266 senilis
1016 2201 1182 2290 sanguinis
1193 2217 1241 2265 te·

167 2335 180 2360 ι
191 2328 273 2371 nues
296 2306 468 2394 reliquias,
488 2307 617 2370 hostem
634 2304 780 2384 judicare
796 2307 834 2369 C.
855 2304 998 2369 Marium
1016 2303 1240 2383 sustineam,a

167 2430 258 2495 «quo
274 2409 396 2471 Italiam
420 2424 454 2472 et
473 2407 558 2472 hanc
582 2407 698 2471 urbem
722 2423 925 2472 conservatas
946 2406 1116 2470 memini».
1138 2406 1242 2484 Hujus

167 2507 268 2596 igitur
289 2508 433 2588 villicus,
449 2508 531 2572 nihil
547 2531 565 2571 a
587 2506 651 2572 fide
667 2508 738 2573 heri
752 2508 929 2595 animoque
948 2506 1160 2587 dissentiens,
1175 2507 1242 2569 Ma·

166 2609 252 2672 rium
269 2607 507 2672 adolescentem
528 2610 614 2673 inter
633 2609 721 2673 fabas
738 2609 884 2674 abditum
904 2609 1061 2697 imposuit
1078 2609 1242 2696 plaustro,

168 2711 345 2798 bubusque
367 2711 504 2790 junctis,
531 2736 590 2800 per
612 2711 737 2777 medios
756 2712 907 2777 inimicos
925 2710 1109 2799 deportavit
1128 2711 1162 2771 in
1178 2710 1242 2770 Ur-

165 2812 241 2876 bem
256 2836 264 2876 :
280 2812 327 2877 sic
343 2814 481 2901 acceptis
504 2813 545 2877 ab
568 2836 689 2894 uxore,
714 2835 857 2901 quorum
874 2813 1058 2902 praecipuus
1078 2827 1148 2874 tum
1165 2834 1243 2873 usus

165 2928 254 2993 erat,
272 2929 347 2976 ante
368 2915 473 2977 lucem
496 2914 536 2978 ad
556 2937 644 2979 mare
666 2915 790 3003 pergit3
807 2931 841 2979 ct
858 2938 962 3003 quum
980 2914 1065 2978 sorte
1080 2912 1243 2976 solventes

165 3015 200 3078 in
213 3015 353 3080 Africam
371 3033 485 3081 nautas
508 3017 702 3096 invenisset,
722 3039 837 3081 navem
852 3015 1053 3081 conscendit.
1071 3014 1176 3094 Major
1189 3036 1244 3100 pa-

165 3117 206 3180 tri
224 3115 328 3181 Mario
348 3141 424 3182 curn
443 3119 547 3183 ventis
563 3135 595 3182 et
612 3117 859 3205 tempestatibus
874 3119 960 3183 lucta
974 3118 1054 3192 l'uit,
1069 3115 1245 3204 ingruenti-

164 3218 227 3282 bus
244 3219 279 3281 in
298 3242 375 3282 eum
392 3221 481 3283 velut
500 3220 699 3284 manufacta
717 3220 820 3283 malis.

210 3321 333 3384 XXXI.
353 3321 378 3383 F
381 3338 492 3385 erente
503 3338 601 3385 vento
617 3323 693 3385 litus
708 3321 807 3384 ltaliae
819 3320 946 3407 legens,
956 3318 1164 3381 Terracinam
1178 3317 1245 3380 cvi·

167 3437 234 3486 tare
249 3437 361 3485 nautas
376 3423 491 3503 jussit,
511 3422 717 3499 Geminium,
733 3422 825 3502 cujus
840 3420 886 3483 ibi
904 3443 1028 3508 magnae
1042 3443 1121 3507 opes
1133 3436 1244 3498 erant,

166 3522 302 3603 timens,
320 3523 489 3586 inimicum
512 3524 698 3605 hominem,
716 3539 749 3588 et
770 3522 901 3586 sullanis
918 3521 1065 3609 partibus
1085 3519 1244 3584 deditum.

167 3625 328 3689 Caeterum
347 3625 407 3687 illis
420 3625 509 3688 enise
525 3624 733 3713 parentibus,
748 3647 864 3713 magna
881 3623 929 3686 vis
945 3640 1119 3688 ventorum
1134 3625 1244 3686 amari

166 3741 300 3807 coorta,
317 3726 482 3818 navigium
499 3727 673 3815 procellis,
695 3742 728 3791 et
750 3727 857 3814 ipsum
876 3748 996 3789 nausea
1016 3727 1062 3789 sic
1080 3725 1245 3812 fatigavit,

168 3839 205 3888 ut
223 3827 276 3889 vix
294 3826 382 3914 apud
406 3827 548 3891 Circeios
573 3829 733 3916 applicare
757 3845 887 3917 posset:
907 3829 953 3891 ibi
976 3827 1020 3890 ob
1045 3827 1245 3914 tempestatis

167 3928 343 4010 saevitiem,
361 3945 394 3992 et
413 3930 488 4017 quia
509 3928 703 3995 deficiebant
725 3945 948 4008 commeatus,
972 3928 1139 3991 exscensio
1164 3930 1244 3990 lactu

166 4046 231 4113 est,
248 4029 306 4096 scd
322 4032 443 4112 anxiis,
463 4033 544 4095 etin
563 4050 730 4097 momenta
745 4051 931 4122 temporum
946 4046 1089 4094 extrema
1106 4054 1245 4117 quaeque

167 4133 450 4221 exspectantibus,
467 4133 589 4197 incerta
605 4136 715 4198 omnia
734 4137 926 4222 intutaque,
944 4148 992 4212 et,
1010 4148 1048 4194 ut
1065 4130 1100 4194 fit
1120 4132 1152 4194 in
1174 4155 1244 4194 ma-

167 4258 233 4323 gno
247 4252 354 4315 metu,
369 4236 538 4323 praesentia
552 4259 690 4322 quaeque
705 4236 929 4300 molestissima
946 4232 1151 4298 videbantur.
1166 4235 1244 4295 Ter-

167 4358 235 4398 ram
249 4336 400 4400 hostilem
414 4337 572 4419 vitarent;
589 4338 758 4402 inimicum
777 4355 846 4402 crat
860 4358 947 4400 marc
963 4360 970 4399 :
987 4358 1160 4399 occursum
1177 4358 1244 4397 rne-

201 4530 217 4595 S
231 4534 329 4581 XXIX.
340 4535 394 4583 Val.
407 4537 472 4583 Max.
486 4538 538 4593 ΙΙΙ,
553 4539 576 4583 8.
587 4562 622 4574 ·-
632 4534 648 4598 S
659 4538 743 4585 XXX.
756 4536 808 4584 Liv.
822 4535 889 4599 Epir.
900 4562 935 4571 —
948 4532 1072 4582 Plutarch.
