2670 5018
357 37 468 95 pupuli
486 41 612 67 ιυιιιαιιι
632 47 780 77 asumma,
802 53 958 89 ...η-..ιω

358 110 460 171 Gaesar
485 102 574 167 haud
598 103 735 190 amplius
752 103 929 184 ducentos,
946 126 983 166 au

357 208 516 272 ducentos·
532 206 638 269 amisit
655 205 791 286 milites,
810 204 868 268 sed
886 220 982 267 centu

355 310 435 373 citer
456 309 597 398 triginta.
621 309 714 394 lpse,
739 306 849 370 militis
876 305 974 370 simul

356 412 510 476 omnibus
532 426 666 474 strenue
689 410 808 490 obitis,
833 410 980 497 praecipua

356 514 478 579 retulit.
493 514 584 577 Inter
594 512 738 601 legiones
750 510 979 576 decumanorm

358 612 416 679 sed
437 614 641 703 singulorum
656 627 731 676 ante
745 612 929 677 Crastinum
946 634 978 675 m

357 716 426 796 ejus
442 714 455 801 (
469 738 545 778 nam
561 713 675 778 adacto
698 715 732 777 iu
750 736 787 777 os
803 713 930 802 gladio,
948 736 977 800 p«

357 816 542 903 ceciderat)
558 816 751 881 militaribus
772 813 866 879 donis
880 831 974 879 ornat

359 940 415 982 cro
428 915 635 981 inferendum
647 917 789 997 curavit3
800 938 903 1004 quum
913 931 976 979 caet·

359 1020 586 1082 humarentur.

403 1120 503 1183 Lxx.
522 1119 573 1182 De
585 1118 791 1206 Pompeianis
804 1120 931 1183 circiter
943 1141 974 1182 m

360 1224 467 1285 Caesar
484 1218 642 1300 affirmet,
659 1220 717 1307 qui
735 1221 836 1309 magis
852 1238 972 1310 augent

359 1322 416 1387 sed
430 1322 560 1388 Asinius
577 1320 700 1402 Pollio,
716 1322 772 1409 qui
787 1344 896 1385 rerum
913 1323 971 1386 ista

360 1446 459 1487 mone
484 1422 669 1504 contexuit,
691 1445 747 1486 sex
771 1424 908 1487 omuino
931 1424 971 1487 mi

359 1524 423 1608 dit,
435 1526 593 1613 reliquam
607 1524 849 1589 multitudinem
867 1548 970 1589 servor

362 1629 518 1708 maxime,
534 1626 614 1690 dum
630 1644 733 1690 castra
748 1628 938 1714 capiuntur:
957 1628 969 1692 ι’

361 1727 474 1817 viginti
487 1743 645 1815 quatuor,
663 1752 736 1816 quae
748 1728 849 1794 ferme
861 1728 968 1818 apudr

362 1846 450 1895 runt.
477 1830 612 1918 Equites
640 1832 767 1894 romani
789 1830 967 1921 quadragin

363 1932 424 1997 bus
440 1956 448 1996 ε
465 1951 630 1998 senatores
646 1932 777 2016 decem3
792 1935 825 1996 in
847 1934 966 2021 quibus

363 2034 396 2096 iu
415 2052 571 2099 montana
588 2035 787 2124 fiagicratcm,
803 2036 966 2101 Antonius

361 2135 458 2197 navit.
475 2136 572 2200 Sirmi
589 2136 735 2201 militaria
749 2136 789 2201 ad
802 2138 960 2203 Caesarem
