2670 5018
723 39 732 75 r

162 802 181 845 a
338 776 405 844 lO.
433 775 777 845 FRElNSHEMll
807 774 1053 844 SUPPLEM.

162 948 188 1012 l.
211 914 262 1015 L.
283 946 430 1027 Sosus,
447 946 495 1027 Q.
512 944 669 1032 Pompeio
699 944 908 1025 consulibus,
936 947 1175 1031 provinciarum
1198 973 1232 1013 ca

161 1050 245 1113 ratio
264 1070 366 1137 quum
392 1062 477 1111 esset
496 1046 595 1128 inita,
618 1062 657 1109 ut
678 1044 787 1128 Sulla,
812 1045 867 1133 qui
895 1060 966 1109 tum
992 1046 1099 1111 adhuc
1122 1050 1233 1112 Roma»

163 1168 249 1233 erat,
267 1151 364 1215 simul
378 1172 438 1240 per
454 1171 504 1213 res
523 1149 642 1212 italicas
658 1165 788 1236 posset,
802 1149 910 1213 Asiam
926 1165 958 1213 et
975 1150 1231 1216 mithridaticum

161 1252 303 1333 bellum,
316 1274 392 1316 cum
405 1250 563 1332 exercitu,
576 1272 676 1337 quern
690 1250 849 1315 hactenus
863 1248 1015 1333 duxerat,
1030 1254 1230 1341 provinciam

160 1354 314 1437 liaberet,
340 1354 377 1419 P.
394 1352 555 1440 Sulpicius
577 1350 731 1416 tribunus
751 1351 871 1442 plebis,
890 1355 1080 1441 perniciosis
1105 1357 1233 1447 legibus

161 1457 320 1539 serendis,
338 1457 528 1545 priusquam
544 1469 637 1518 vetus
653 1452 734 1518 illud
750 1455 959 1542 consopitum
977 1455 1165 1522 incendium
1183 1483 1232 1522 es-

161 1575 228 1639 set,
245 1559 342 1623 ctiam
363 1554 480 1621 foedius
497 1554 587 1620 aliud
609 1572 709 1643 atque
725 1555 937 1639 horribilius,
952 1575 1086 1624 auctore
1107 1560 1230 1639 Mario,

160 1660 323 1725 eonllavit.
345 1658 477 1747 Quippe
495 1659 530 1723 C.
541 1656 665 1723 Marius
681 1658 737 1746 (ut
750 1675 800 1723 est
817 1658 997 1726 insatiabile
1016 1663 1181 1727 bonorum
1199 1681 1230 1729 et

159 1763 314 1853 potentiae
335 1761 517 1841 humanum
538 1759 729 1849 ingenium,
749 1762 878 1849 quoties
896 1763 1021 1827 ratione
1042 1782 1230 1854 contempta

142 1896 145 1901 ·
158 1864 376 1953 cupiditatum
394 1862 532 1951 imperio
547 1862 689 1952 regitur)
706 1878 782 1951 post
797 1863 1011 1952 amplissimos
1028 1866 1228 1954 triumphos,

160 1984 193 2032 et
213 1966 420 2032 consulatum
443 1963 546 2029 sexies
566 1976 711 2053 gestum,
738 1965 893 2029 miserum
916 1988 951 2030 se
974 1966 1126 2053 putabat,
1149 1969 1174 2029 si
1194 1969 1226 2030 in

119 2154 126 2169 .
157 2084 247 2133 tanta
258 2067 371 2157 populi
381 2066 507 2131 romani
519 2066 665 2147 fortuna,
678 2064 857 2154 quidquam
871 2065 912 2130 ad
927 2066 1057 2131 laudem
1072 2067 1228 2131 eximium

159 2172 313 2259 cuiquam
327 2170 418 2234 alteri
432 2168 682 2256 relinqueretur.

202 2272 246 2337 ll.
264 2272 362 2359 Atqui
379 2270 445 2351 jam
463 2287 496 2334 et
514 2271 605 2335 bellis
623 2286 656 2335 et
675 2270 835 2335 bellorum
856 2271 996 2359 praemiis
1011 2273 1156 2360 vigorem
1172 2296 1228 2336 an·

158 2396 284 2462 uosque
298 2388 561 2461 consumpserat,
576 2372 681 2461 gravis
697 2395 852 2461 corpore,
866 2373 960 2436 etiam
973 2396 1079 2462 nuper
1091 2374 1228 2462 imperio

156 2474 202 2539 ob
225 2474 402 2539 senectutis
422 2471 631 2536 incommoda
652 2472 811 2537 abdicato.
828 2474 934 2563 Igitur
951 2475 1031 2538 dum
1052 2475 1227 2540 conficien-

157 2575 208 2641 dis
225 2576 350 2641 socialis
367 2575 442 2639 belli
460 2574 603 2660 reliquiis
620 2573 707 2637 Sulla
724 2575 840 2638 consul
857 2575 891 2637 in
901 2578 1075 2662 Campania
1089 2578 1224 2642 distine-

155 2696 228 2761 tur,
242 2682 279 2743 C.
287 2677 409 2742 Marius
419 2675 556 2739 asiaticae
564 2676 681 2739 laureae
695 2672 857 2752 desiderio
868 2675 904 2739 P.
913 2676 1091 2764 Sulpicium
1101 2679 1225 2741 llusum

154 2781 309 2871 impellit,
323 2795 363 2843 ut
373 2776 558 2865 ademptam
572 2777 668 2841 Sullae
677 2776 878 2865 provinciam
895 2775 956 2840 sibi
975 2776 1137 2842 decernat.
1150 2781 1223 2843 Erat

152 2884 276 2973 alioqui
298 2882 334 2947 in
358 2902 485 2970 magna
500 2878 620 2944 invidia
640 2879 773 2960 consul,
797 2877 905 2967 quod,
929 2902 1029 2942 uxore
1053 2881 1150 2944 Coelia
1170 2906 1226 2970 per

152 3010 283 3051 causam
295 2982 470 3050 sterilitatis
480 2980 626 3064 dimissa,
640 2982 799 3047 Caeciliam
813 2982 950 3047 (luxerat
963 2984 1004 3065 Q.
1014 2984 1136 3049 Metelli
1147 3009 1226 3074 pou-

152 3087 248 3155 tiliois
271 3086 403 3152 maximi
421 3084 531 3150 filiam.
552 3083 591 3149 ld
608 3084 703 3150 multi
723 3084 885 3148 nobilium
905 3107 988 3173 aegre
1009 3083 1174 3166 ferebant,
1193 3104 1226 3150 et

151 3192 295 3281 populus
306 3188 557 3277 indignabatur:
571 3203 659 3252 tanta
673 3202 740 3251 erat
753 3187 822 3267 ejus
841 3188 969 3251 feminae
986 3188 1170 3270 aestimatio,
1189 3208 1223 3252 ut

150 3292 250 3373 hujus
266 3290 476 3355 matrimonio
481 3288 666 3371 judicarent
679 3288 872 3378 indignum,
886 3313 984 3377 quem
997 3289 1223 3379 dignissimum

149 3394 325 3459 consulatu
340 3392 573 3473 judicaverant.

194 3496 255 3560 111.
273 3496 342 3559 Hac
355 3494 541 3557 animorum
559 3493 768 3557 inclinatione
782 3492 904 3556 Marius
925 3515 1000 3557 cum
1016 3492 1160 3581 Sulpicio
1176 3496 1224 3556 uti

147 3598 346 3685 cupiebant,
368 3596 517 3660 infaustis
540 3593 728 3676 ominibus,
753 3612 785 3659 et
808 3594 848 3658 ad
872 3596 1017 3684 graviora
1039 3594 1224 3682 reipublica·

151 3698 233 3763 mala
247 3698 469 3786 perventuris,
487 3720 585 3785 quam
606 3720 752 3786 unquam
770 3713 864 3761 antea
884 3697 1105 3779 sustinuisset3
1126 3696 1224 3786 idque

150 3796 361 3891 fignificatum
380 3799 490 3862 multis
512 3798 668 3887 prodigiis
686 3814 827 3888 putant:
850 3796 977 3862 flamma
998 3821 1037 3862 ex
1056 3800 1224 3863 hastilibus

100 3966 105 3975 ,
149 3898 320 3993 signorum
334 3924 436 3989 quum
451 3901 653 3983 emicuisset,
669 3902 722 3965 vix
740 3902 896 3992 restingui
914 3901 1041 3989 potuit:
1055 3902 1143 3965 corvi
1161 3920 1224 3966 trcs

151 4002 258 4093 pullos
269 4004 302 4067 in
317 4020 530 4093 conspectum
546 4003 720 4069 hominum
732 4003 841 4067 allatos
854 4002 1107 4083 devoraverunt,
1127 4019 1158 4065 et
1175 4027 1225 4067 re·

150 4104 265 4193 liquias
288 4119 494 4192 reportarunt
518 4106 551 4169 in
578 4105 720 4169 nidum:
743 4128 852 4169 mures
878 4105 912 4165 in
936 4106 1060 4191 templo
1081 4104 1222 4192 quodam

151 4226 278 4271 sacrum
300 4228 416 4270 aurum
441 4225 616 4289 roserunt;
636 4232 654 4269 e
677 4208 797 4295 quibus
820 4227 923 4292 quum
948 4205 1103 4268 feminam
1124 4228 1224 4268 unam

187 4368 206 4437 ⁸
221 4372 242 4419 l.
253 4372 285 4420 11.
299 4374 328 4421 G.
339 4372 406 4429 6643
418 4376 452 4421 A.
468 4376 496 4422 C.
512 4374 554 4420 st.
567 4372 674 4421 -velt
686 4374 724 4429 ll,
742 4372 781 4417 18.
795 4396 829 4406 -
845 4367 956 4433 Appian.
969 4368 1023 4416 civ.
1039 4369 1082 4415 lib.
1095 4370 1115 4414 l.
1134 4396 1169 4405 -
1183 4371 1222 4416 lo.

154 4454 301 4505 ndoeheu
316 4454 383 4519 apud
394 4455 475 4501 vates.
492 4454 552 4519 -S
568 4458 601 4502 11.
616 4456 738 4505 Plutarch.
759 4456 784 4501 iu
802 4452 879 4509 Sulla,
895 4469 950 4515 cup.
967 4454 1005 4499 rt.
1025 4481 1059 4488 —
1072 4454 1179 4517 Appian.
1191 4482 1224 4490 --

152 4540 264 4599 ΟΜΝ,
276 4553 315 4601 tp.
