2670 5018
577 4 592 36 Ι

142 766 188 836 70
317 745 387 812 10.
413 741 746 814 rastssusun
778 743 1024 813 surisnis.

186 862 292 927 XXX.
309 864 400 928 «lam
415 862 493 927 olim
506 863 542 927 in
556 863 684 931 civitate
699 880 810 931 notua
822 862 896 930 duae
908 865 998 929 velut
1014 880 1121 953 partes
1134 865 1206 930 iue-

141 995 154 1019 «
165 979 243 1027 runt
260 987 268 1029 ε
289 964 387 1028 altera
403 963 554 1048 Patrnm,
575 966 632 1054 qui
648 967 757 1035 neseio
772 988 833 1031 cnr
847 969 1011 1055 optimates
1026 980 1203 1047 vocentur,

140 1064 259 1129 «altera
282 1065 457 1147 libertatis,
479 1089 572 1154 psa,
597 1069 674 1156 quia
700 1067 902 1134 multitudini
927 1066 1089 1156 precipue
1114 1083 1204 1157 grata

140 1197 153 1221 ι
164 1160 375 1248 esse'debuit,
391 1189 459 1231 non
471 1168 528 1234 abs
540 1191 576 1233 re
582 1169 748 1260 popularis
761 1185 811 1234 est
823 1169 1000 1233 nominata.
1012 1167 1130 1256 Neque
1142 1192 1205 1233 nos

140 1298 153 1323 ι
164 1268 260 1349 hujus
281 1267 449 1334 discorda
464 1287 613 1336 auctores
627 1294 758 1352 sumus,
772 1270 848 1351 sed,
863 1271 961 1334 simul
973 1285 1072 1358 atque
1087 1290 1202 1360 regum

141 1400 154 1424 ι
163 1391 203 1433 ex
214 1371 302 1435 Urbe
321 1371 473 1437 submota
487 1390 629 1460 potestas
643 1389 709 1455 est,
727 1390 857 1438 senatus
867 1373 942 1454 jura
956 1373 1043 1460 regia
1056 1372 1119 1436 sibi
1131 1372 1205 1437 vin·
1237 1372 1241 1380 ”

138 1501 151 1524 α
161 1468 267 1535 dicare
280 1473 407 1538 voluit:
427 1473 536 1561 plebs,
556 1496 655 1564 quarn
670 1474 705 1539 in
722 1474 853 1565 regibus
870 1495 938 1537 non
953 1473 1080 1537 tulisset
1094 1471 1204 1537 dorni-

139 1601 153 1627 a
163 1573 345 1656 nationem,
364 1597 436 1638 eam
452 1575 494 1640 ab
510 1575 580 1640 aliis
593 1576 718 1642 civibus
731 1575 815 1665 pati,
832 1573 1008 1664 iudignum
1025 1573 1203 1637 intoleran-

139 1672 308 1762 «dumque
321 1674 485 1754 judicavit.
501 1677 552 1743 Ab
567 1701 607 1742 eo
623 1675 787 1767 ternpore,
801 1675 963 1765 quidquid
976 1697 1036 1764 per
1047 1673 1133 1763 leges
1146 1688 1212 1739 aut«

141 1793 299 1840 «armatas
315 1777 515 1867 quandoque
525 1777 702 1845 discordias
715 1797 825 1844 actum
842 1793 906 1860 est,
924 1775 960 1840 id
975 1797 1074 1840 omne
1085 1798 1126 1840 eo
1136 1798 1208 1864 pen

140 1878 278 1961 «tinuit,
296 1895 334 1943 ut
346 1880 397 1944 vel
415 1881 450 1944 in
469 1881 712 1946 multitudinem
731 1879 892 1945 dominari
909 1877 1004 1966 pauci
1024 1891 1203 1965 cuperent,

141 1980 214 2043 «vel
237 1978 390 2047 adversus
421 1981 630 2071 cupiditatem
654 2002 835 2070 paucorum
855 1979 910 2058 jus
939 1999 1039 2042 suum
1061 1975 1204 2064 populns
1230 1980 1232 1987 ’

140 2097 327 2146 *assereret

184 2182 306 2246 XXXI.
322 2211 335 2237 ι
344 2181 435 2247 Inter
447 2183 516 2247 baec
531 2180 728 2271 quandoque
741 2197 929 2270 prestantes
944 2181 1065 2245 virtute
1081 2203 1120 2245 ac
1134 2202 1203 2245 me·

141 2282 232 2346 «ritis
248 2283 308 2345 viri
325 2285 530 2365 exstiterunt,
548 2285 661 2371 quiex
676 2306 771 2372 equo
787 2282 942 2348 invidiam
961 2282 1155 2362 nobilitatis,
1172 2296 1205 2346 et

143 2381 326 2447 «levitatem
344 2384 457 2472 populi
475 2384 619 2450 odissem
638 2409 646 2450 :
667 2386 710 2468 ii,
728 2375 885 2473 tanqdanr
903 2383 1031 2449 solliciti
1053 2383 1208 2470 cautique

142 2483 407 2573 «gubernatores,
417 2486 504 2549 inter
514 2503 695 2576 pugnantes
704 2502 819 2552 ventos
828 2486 872 2549 ita
882 2485 1070 2549 direxerunt
1077 2483 1158 2564 vela,
1167 2500 1206 2547 ut

142 2616 155 2638 s
166 2608 263 2671 quam
279 2586 413 2655 minima
423 2585 594 2665 jactatione
607 2603 639 2651 et
650 2589 786 2669 offensa,
798 2610 836 2652 ac
847 2585 915 2650 fieri
926 2601 1139 2674 pertempors
1148 2584 1208 2647 rei·

143 2687 302 2774 «publica.
314 2703 439 2774 posset,
453 2689 692 2776 tranquillitatis
702 2705 800 2776 atque
812 2686 991 2752 securitatis
1002 2701 1135 2773 portum
1147 2684 1207 2748 ob-

143 2818 156 2842 «
167 2788 317 2858 tinerent.
332 2788 440 2853 Sedet
454 2790 514 2879 ipsi
528 2791 591 2873 illi,
606 2792 733 2879 quoties
748 2789 931 2870 destinatis,
946 2810 1010 2876 qua
1023 2787 1206 2850 institerant

143 2889 231 2969 «via,
246 2890 343 2977 potiri
352 2913 447 2979 posse
455 2889 685 2979 desperarunt,
700 2889 922 2979 indignatione
934 2904 967 2952 et
977 2887 1054 2952 odio
1066 2887 1206 2968 efferati,

144 2990 257 3077 «quod
277 2991 361 3054 effici
376 2993 585 3080 persuasione
602 3016 640 3057 ac
654 2993 802 3057 moribus
818 2991 991 3078 nequibat,
1008 2989 1041 3052 vi
1059 3004 1092 3053 et
1108 2989 1206 3053 arnus

144 3091 292 3178 «assequi
307 3108 521 3157 tentaverunt.
537 3151 541 3154 ,
1205 3132 1208 3140 ·

78 3248 81 3256 .
188 3193 328 3257 XXXII.
347 3193 421 3256 «Ab
437 3194 486 3257 his
502 3193 592 3257 velut
606 3193 767 3274 fontibus,
784 3207 873 3256 tanta
883 3192 952 3273 jam
964 3206 1072 3270 etate,
1089 3211 1209 3278 prorn-

146 3294 215 3381 «pit
231 3294 389 3357 immensa
401 3293 449 3360 vis
462 3294 624 3359 undarum
640 3311 737 3382 atque
752 3292 929 3374 fluctuum,
944 3315 1016 3381 que
1031 3291 1210 3380 rempubli-

145 3416 255 3475 ncam,
275 3393 369 3456 toties
390 3394 618 3459 crudelissimis
636 3395 879 3483 tempestatibus
893 3409 1058 3468 vernum,
1076 3393 1111 3457 in
1131 3416 1208 3459 eum

144 3510 285 3558 «statum
313 3494 527 3585 redegerunt,
553 3518 651 3584 quem
678 3496 772 3560 inviti
794 3512 1025 3585 gementesque
1046 3493 1207 3559 videmus.

146 3596 232 3666 «Sed
258 3597 433 3679 nimirum,
458 3595 735 3686 quemadmodum
760 3597 794 3661 in
820 3598 971 3662 humanis
994 3596 1210 3684 corporibus,

146 3732 159 3753 ι
170 3699 297 3785 quoties
310 3715 431 3763 tentata
446 3699 563 3763 morbo
582 3713 678 3780 sunt,
699 3715 809 3788 optare
826 3697 988 3786 quidlibet
1006 3697 1098 3777 licet,
1119 3695 1212 3777 lieri,

146 3800 231 3863 «nisi
249 3800 339 3887 quod
359 3817 473 3864 natura
488 3801 644 3889 patiatur,
663 3823 730 3864 non
749 3817 858 3888 potest
873 3822 881 3863 :
896 3800 941 3862 ita
958 3797 992 3859 in
1011 3797 1072 3860 hac
1085 3798 1209 3884 gravis·

148 3901 250 3963 «sima
270 3900 404 3965 civitatis
427 3901 637 3989 egritudine,
662 3924 729 3965 non
751 3901 900 3989 qualibus
922 3899 994 3985 quis
1016 3898 1124 3980 malit,
1150 3900 1209 3964 sed

146 4032 159 4055 ι
168 4025 240 4088 quae
252 4001 381 4065 suntad
394 4019 584 4090 presentem
598 4025 695 4074 usum
707 4000 1037 4074 accommodatissima
1049 4001 1208 4083 remedia,

149 4103 209 4164 «iis
224 4099 384 4165 utendum
400 4117 458 4168 est.
660 4119 662 4122 ⁴

193 4203 345 4266 XXXlll.
361 4203 487 4267 «Etiam
501 4203 619 4268 medici
630 4202 780 4275 devenire
792 4203 833 4276 ad
846 4204 970 4265 ferrum
984 4218 1017 4266 et
1031 4203 1140 4290 ignem
1157 4225 1210 4267 so·

147 4304 251 4382 «lent,
266 4303 323 4366 ubi
336 4303 458 4367 leniora
473 4303 616 4375 remedia
632 4306 779 4394 pertinax
797 4302 930 4374 morbus
949 4298 1091 4390 respuit':
1101 4326 1209 4391 neque

180 4498 197 4568 S
210 4500 292 4547 XXX.
304 4499 399 4557 Varro,
408 4498 440 4551 dc
451 4498 501 4550 vita
511 4515 573 4566 pop.
583 4514 644 4548 rom.
654 4497 754 4554 tits1v,
