2670 5018
146 768 210 837 1218
314 768 380 833 JO.
407 762 753 832 FRElNSH‘EMlI
783 760 1029 829 SUPPLEM.

141 915 206 979 que
220 912 295 952 cum
309 885 462 949 Romanis
478 882 635 964 amicitia,
649 902 747 969 quam
765 878 903 943 deorum
920 876 1067 966 quaedam
1079 878 1199 943 invidia

141 993 201 1055 sibi
215 989 375 1077 propriam
386 1001 642 1073 perpetuamque
652 1004 721 1046 esse
731 981 902 1061 noluisset,
913 979 953 1044 ad
964 980 1200 1045 accusationem

144 1095 319 1180 legatorum
335 1088 522 1173 ducumque
536 1085 646 1166 vertit,
657 1086 714 1172 qui
725 1081 827 1146 amba
840 1106 912 1147 cum
924 1083 1042 1171 irq'art'a
1055 1104 1115 1147 sua
1128 1083 1207 1173 Cap·

135 1193 307 1280 padaeiam
329 1189 543 1250 Ariobarzani
565 1185 784 1264 reddamur,
808 1186 867 1250 sibi
892 1185 1078 1249 ademissent
1103 1184 1205 1271 Pap*-

138 1297 226 1381 ga'am
234 1341 243 1371 ,
263 1290 440 1354 Nicoaaedr‘s
456 1290 571 1377 imquis
586 1288 747 1351 conatibus
757 1285 920 1371 favissent.

187 1394 295 1455 XXll.
308 1422 320 1445 ιι
332 1392 412 1471 Quae
426 1390 553 1470 omnia,
567 1389 690 1476 inquit,
704 1388 771 1451 sola
783 1388 927 1475 pecuniae
941 1386 1118 1475 cupiditate
1128 1404 1205 1453 sunt

138 1494 205 1559 aab
220 1492 296 1580 ipsis
308 1492 405 1571 facta,
419 1512 517 1576 quam
530 1511 659 1577 semper
672 1505 728 1551 aut
739 1511 756 1551 a
768 1510 837 1569 me,
851 1505 908 1551 aut
921 1489 961 1552 ab
974 1489 1111 1554 inimicis
1126 1490 1205 1555 meis

141 1593 380 1681 suscipiebant:
396 1615 468 1679 quae
483 1589 633 1680 equidem
647 1612 713 1674 res,
725 1591 752 1654 si
766 1613 831 1679 qua
843 1591 921 1673 alia,
932 1591 1006 1672 jure
1022 1591 1204 1681 meritoque

144 1698 199 1758 «in
216 1695 308 1759 vobis
329 1694 495 1781 arguitur,
510 1693 665 1773 Romani,
685 1691 775 1779 quod
793 1695 871 1756 tales
887 1693 1080 1781 plerumque
1101 1694 1204 1782 impe·

64 1822 67 1829 ·
142 1830 153 1851 ιι
167 1813 287 1860 ratores
304 1795 466 1875 emittitis,
483 1794 541 1880 qui
554 1793 635 1856 nihil
652 1794 767 1857 melius
782 1811 839 1857 aut
853 1794 1019 1883 antiquius
1031 1817 1098 1859 esse
1114 1796 1203 1858 lucro

143 1913 295 1985 «putent.
312 1897 360 1959 Ab
376 1897 426 1960 his
446 1910 577 1959 coactus
592 1917 681 1958 arma
696 1895 788 1959 indui
806 1919 900 1984 :quae
918 1896 1026 1985 siqua
1039 1913 1130 1985 parte
1146 1918 1204 1959 vo·

144 2000 217 2061 «bis
239 1999 421 2073 infestiora,
446 2020 544 2085 quam
565 1997 765 2077 voluissetis,
786 1998 939 2078 fuerunt,
961 1998 996 2062 id
1017 2020 1116 2063 omne
1136 2020 1203 2061 non

143 2102 274 2163 «animo
287 2123 377 2175 meo,
393 2099 466 2187 qui,
481 2098 561 2162 dum
574 2098 681 2180 licuit,
698 2098 823 2161 romani
835 2098 976 2162 nominis
992 2120 1203 2163 amansreve·

144 2225 306 2288 «reusque
320 2202 400 2281 luit,
419 2200 477 2264 sed
494 2199 693 2280 necessitati,
712 2200 865 2288 imputari
878 2223 1008 2287 aequum
1024 2216 1073 2264 est
1082 2230 1106 2263 a.

188 2304 311 2367 Xlllll.
333 2290 478 2366 Ad'haea
502 2302 614 2365 Sulla:
635 2300 761 2383 «Quod
783 2302 824 2364 ab
845 2302 914 2365 aliis
935 2302 1060 2389 accepi,
1083 2316 1116 2365 te
1135 2322 1203 2364 esse

144 2405 430 2485 «disertissimum,
450 2402 484 2466 id
503 2424 593 2465 nunc
617 2424 726 2466 coram
746 2404 908 2490 experior,
930 2425 1031 2490 quum
1056 2402 1089 2465 in
1114 2402 1202 2465 factis

144 2506 372 2569 «atrocissimis
389 2504 532 2592 speciosa
545 2504 603 2566 tibi
621 2526 688 2566 non
703 2502 793 2567 deest
809 2504 922 2568 oratio.
935 2502 999 2569 Sed
1017 2524 1202 2591 quanquam

145 2642 156 2663 ιι
169 2633 234 2670 non
252 2609 285 2670 in
302 2608 366 2669 hoc
382 2605 611 2685 convenimus,
630 2621 668 2667 ut
685 2604 934 2692 disceptaremus
950 2604 1202 2683 controversias,

142 2730 278 2769 «verum
296 2724 333 2770 ut
350 2707 434 2793 leges
450 2704 557 2792 petitae
572 2706 659 2793 pacis
675 2705 845 2793 impleres,
862 2728 929 2770 non
947 2706 1105 2795 gravabor
1122 2728 1201 2794 pau·

143 2840 154 2862 ι
166 2807 210 2870 cis
228 2805 433 2893 respondere.
447 2806 497 2868 De
509 2804 709 2893 Cappadocia
723 2828 789 2869 non
802 2823 888 2887 erat,
903 2823 941 2870 ut
954 2806 1142 2871 absentibus
1157 2808 1203 2869 in·

141 2909 338 2971 «clementer
354 2906 495 2987 diceres3
515 2928 590 2969 nam
605 2907 874 2988 Ariobarzanem,
900 2909 926 2971 si
944 2909 1064 2987 nescis,
1085 2924 1120 2971 et
1141 2928 1202 2997 ego

142 3009 289 3073 «reduxi.
303 3011 388 3073 Tum
403 3009 501 3096 igitur
514 3008 635 3071 causari
649 3009 799 3096 quaelibet
815 3010 978 3096 oportuit,
996 3010 1021 3073 si
1037 3006 1142 3087 jussui
1157 3030 1203 3071 se·

143 3127 261 3173 «natus
284 3111 463 3198 populique
488 3109 614 3173 romani
633 3110 855 3197 obtemperare
877 3112 998 3191 nolles3
1019 3132 1086 3174 non
1112 3126 1201 3173 tanto

142 3244 153 3266 ιι
164 3229 237 3300 post
254 3229 414 3299 tempore,
429 3233 532 3299 quum
549 3210 686 3274 decretis
705 3212 901 3298 acquiesses,
916 3212 1114 3292 convellere,
1131 3234 1202 3299 quae

141 3313 261 3375 «semel
278 3312 481 3397 approbares.
498 3311 672 3399 Phrygiam
684 3312 813 3375 Manius
829 3312 1004 3399 Aquillius,
1023 3310 1118 3376 donis
1134 3334 1202 3376 em·

142 3446 156 3468 ιι
167 3430 259 3500 ptus,
282 3413 363 3499 patri
383 3429 439 3475 tuo
464 3429 683 3491 concessemt3
701 3411 792 3498 quod
815 3434 990 3477 commune
1009 3412 1102 3476 vobis
1120 3412 1200 3477 deli·

141 3547 154 3569 ι
165 3532 273 3595 ctum,
291 3514 409 3577 frustra
428 3514 460 3575 in
479 3514 571 3577 illum
587 3513 761 3577 transferre
785 3514 874 3578 nisus
889 3536 924 3579 es
936 3538 945 3579 ι
957 3513 1014 3579 sed
1030 3530 1062 3578 et
1076 3515 1153 3598 ista,
1170 3532 1202 3579 et

142 3638 236 3701 aquae
260 3631 412 3702 pra-terea
439 3614 577 3701 pecunia
601 3630 773 3701 corruptus
797 3616 898 3679 multa
921 3616 1050 3679 Manius
1076 3632 1201 3705 egerat,

143 3744 155 3767 ιι
165 3731 294 3777 senatus
308 3715 396 3777 irrita
412 3738 481 3778 esse
492 3714 588 3793 jussit
603 3716 723 3779 omnia.

188 3816 306 3878 XXIV.
324 3846 335 3868 ιι
346 3815 460 3901 Neque
470 3831 576 3878 tamen
586 3862 595 3893 ,
607 3812 728 3897 injusto
739 3839 924 3903 possessore
938 3818 1091 3906 depulso,
1106 3818 1201 3883 nobis

142 3915 344 4001 «recepimus
361 3914 551 4002 Phrygiam,
569 3938 627 3996 ne,
650 3916 740 4003 quod
762 3918 795 3980 in
819 3919 888 3981 aliis
911 3918 1119 3999 damnamus,
1141 3920 1201 4008 ipsi

140 4019 265 4079 «facero
284 4014 485 4097 videremur,
507 4016 563 4080 scd
586 4017 764 4081 immunem
788 4020 987 4108 liberamque
1009 4024 1201 4108 pronuntia-

140 4119 277 4179 ·vimus.
295 4118 376 4195 Quae
393 4116 490 4202 igitur
510 4139 588 4196 nos,
606 4117 786 4198 licet—justo
806 4123 925 4209 pioque
947 4122 1033 4184 bello
1054 4124 1201 4209 qumsita,

140 4218 392 4306 «relinquimus,
407 4240 443 4279 ea
459 4217 518 4280 tibi
532 4242 598 4305 quo
613 4220 744 4285 tandem
753 4224 826 4302 jure
837 4223 1036 4288 vindicabis?
1048 4226 1096 4287 De
1108 4226 1203 4288 Nico·

140 4320 263 4383 «merlis
283 4319 398 4397 injuria
419 4320 571 4404 quereris.
591 4322 653 4384 Sed
674 4324 727 4388 ille
750 4348 969 4412 percussorem
987 4326 1048 4391 sibi
1065 4327 1202 4389 Alexan·

176 4517 191 4580 S
208 4519 279 4564 xxl.
291 4516 397 4578 Appiam.
413 4542 446 4553 —
461 4516 580 4564 Plutarch.
