2670 5054
435 39 531 101 LXV.
556 46 721 100 Steterunt
749 63 854 100 tamen
878 74 941 124 unq
944 79 1006 100 .....
1009 85 1029 100 ι.

390 153 498 217 metu,
518 162 558 201 arr
583 140 658 225 quia
681 141 888 225 quantumvis
913 155 1029 201 atroces

391 238 482 300 ilium
511 238 668 302 fundendi
697 256 869 328 cognatum
898 241 1029 329 sanguin

391 363 499 429 pugna
528 343 623 429 empit
648 368 666 403 a
691 343 830 405 Crastini
854 343 1029 406 centurion}

392 445 481 506 nanti
500 444 615 507 Caesari
632 445 780 508 futurum
798 460 977 532 receperat,
1001 462 1029 506 ut

393 546 586 632 imperator,
611 560 668 607 aut
692 562 872 609 mortuum.
897 546 1029 632 Spatiun

392 646 484 733 quod
502 648 657 735 utrinque
674 646 835 711 sufficeret
852 670 1029 711 com-arsur

394 747 432 809 rii
453 747 629 836 Pompeius
651 750 804 812 immotos
821 750 926 813 tenuit
941 771 1017 812 suos

392 850 528 931 Caesari,
559 850 615 937 qui
643 849 725 913 vires
755 850 1014 937 alacritatemque

393 974 492 1015 cursu
503 951 678 1030 judicabat.

437 1054 554 1116 LXVI.
575 1057 619 1117 At
639 1054 757 1117 Iuliani
779 1072 920 1144 eoeptum
945 1078 1018 1120 curs

394 1154 459 1217 ries
483 1168 566 1216 stare
585 1154 757 1235 viderunt,
783 1179 956 1245 parumper
976 1157 1018 1219 im

394 1278 468 1318 rum
483 1256 632 1319 concitati
649 1256 713 1342 pila
728 1258 887 1321 miserunt
901 1259 934 1321 in
950 1258 1016 1321 hosi

394 1358 604 1421 strinxerunt.
620 1358 710 1422 Idem
726 1373 759 1421 et
771 1382 789 1420 a
803 1359 1010 1446 Pompeianis

394 1482 473 1547 pure.
494 1460 615 1522 horum
636 1460 760 1547 equites
779 1476 811 1522 et
830 1460 909 1523 levia
928 1482 1011 1523 arma

394 1576 562 1645 eoeperum
584 1560 768 1647 impellere,
793 1562 866 1647 quia
889 1562 1006 1625 Juliani

394 1676 517 1723 tantam
543 1662 715 1747 procellam
739 1662 898 1725 sustinere
920 1685 987 1725 non

396 1785 489 1826 suam
506 1764 607 1825 aciem
623 1763 740 1826 excitat
757 1766 881 1845 Caesar3
900 1786 1001 1850 eaque

396 1866 518 1929 effusos
541 1866 722 1952 impetum,
747 1882 784 1927 ut
810 1880 958 1951 protinus
979 1882 1002 1927 u

396 1968 530 2053 equites.
553 1967 636 2029 Nara
659 1990 697 2029 ex
718 1981 879 2053 praecepto
895 1967 998 2029 Caesar

396 2084 509 2156 petens
523 2070 631 2148 miles,
647 2090 755 2131 aversa
769 2068 849 2131 faeie.
863 2066 997 2131 cedere(

398 2172 421 2192 ¹'·
485 2194 493 2198 -
535 2168 996 2231 „mursminirium{brevic
