2670 5018
24 13 1246 393 u

142 781 185 852 38
305 784 373 850 JO.
399 779 734 849 FREINSHEMII
762 781 1006 849 SUPPLEM.

184 901 314 965 XLVII.
336 900 413 964 Haec
428 899 485 963 ubi
501 898 650 983 dixisset,
662 899 790 964 silentio
800 900 1010 988 interposito,
1024 922 1127 991 quum
1143 924 1195 966 ca·

141 1004 208 1092 pita
224 1004 356 1066 interae
376 1000 524 1065 conferre
541 1000 711 1082 homines,
725 1017 758 1066 et
773 999 924 1065 derebus
940 1015 1005 1064 tam
1021 1001 1194 1089 inopinatis

140 1103 296 1168 disserere
304 1101 427 1166 videret
435 1150 444 1184 ,
452 1102 620 1191 perfricuit
632 1104 772 1167 frontem
781 1117 845 1184 ,et,
853 1118 1019 1191 resumpto
1028 1124 1190 1182 sermone,

139 1204 253 1286 «Quid
277 1203 375 1292 igitur
394 1204 496 1270 vobis.
511 1204 704 1269 consulam?
723 1205 840 1292 inquit.
864 1203 953 1286 Quid
974 1205 1061 1268 enim
1083 1204 1196 1270 aliud?

138 1336 151 1362 κ
163 1328 260 1393 quam
279 1320 316 1369 ut
333 1305 565 1394 rempublicam
582 1306 652 1369 sine
667 1320 755 1369 certo
773 1304 911 1394 imperio
926 1303 1047 1397 diutius
1063 1326 1133 1368 esse
1151 1328 1196 1368 ne

139 1437 151 1460 ιι
164 1405 285 1472 sinatis.
302 1406 437 1470 Senatus
452 1428 606 1470 romanus
623 1405 713 1469 urbis
731 1420 849 1469 nostrae
862 1403 904 1468 ad
920 1426 954 1468 se
968 1405 1128 1469 revocavit
1143 1428 1194 1468 ar-

141 1500 327 1589 «bitrium,
343 1506 510 1594 vetuitque
525 1501 729 1596 magistratus
747 1504 858 1569 officio
876 1505 987 1595 iungi,
1005 1506 1194 1594 priusquam

139 1635 151 1658 ι
167 1606 254 1694 ipse,
269 1608 348 1695 quid
358 1607 426 1671 fieri
438 1608 552 1690 vellet,
563 1608 791 1673 constituisset.
809 1607 938 1696 Ergone
954 1609 1074 1671 clausas
1087 1606 1196 1696 adspi-

142 1738 154 1761 a
168 1707 290 1771 ciamus
309 1708 444 1773 deornm
465 1707 566 1791 aedes,
581 1707 760 1797 squalentia
776 1707 960 1797 gymnasia,
979 1707 1096 1771 theatri
1113 1707 1196 1771 hanc

141 1837 153 1862 ι
169 1808 396 1886 solitudinem,
415 1824 448 1873 et
464 1808 529 1874 hoc
545 1809 710 1873 silentium
728 1808 815 1873 fori?
829 1830 951 1872 sacram
965 1808 1072 1872 Iacchi
1084 1830 1198 1871 vocem

141 1930 234 1971 «non
257 1909 425 1974 audiemus
451 1910 613 1999 amplius?
633 1909 723 1993 Quid
747 1926 856 1974 autem
879 1908 1017 1975 deorum
1036 1909 1197 1997 responsis

142 2040 155 2063 α
170 2027 353 2075 consecrata
368 2011 483 2099 Pnyxl
500 2009 580 2099 quid
597 2010 820 2075 vetustissimis
835 2009 1044 2099 religionibus
1067 2032 1199 2073 venera·

142 2110 233 2174 «hile
262 2112 433 2176 Castorum
462 2111 641 2201 templum?
659 2109 736 2199 ipsae
766 2109 906 2197 denique
926 2108 1196 2198 philosophorum
1220 2160 1223 2165 ⁴

142 2209 309 2274 ‹soholael
326 2228 523 2300 perpetuane
545 2211 709 2275 oblivione
730 2209 992 2291 damnabuntur,
1010 2223 1042 2272 et
1058 2210 1148 2274 velut
1164 2210 1197 2273 iu
1221 2282 1228 2291 ,

144 2327 262 2398 «capta
275 2311 447 2398 dirutaque
457 2313 538 2376 urbe
554 2311 817 2376 conticescent»
1136 2304 1139 2315 ⁴

186 2414 335 2477 XLVIII.
353 2414 412 2477 His
432 2429 529 2500 atque
544 2413 660 2476 talibus
674 2414 852 2476 animatum
866 2410 1000 2499 vulgus,
1020 2427 1052 2476 et
1064 2412 1150 2476 inter
1165 2435 1200 2476 se

144 2514 354 2577 tumultuarie
364 2513 606 2600 colloquutum‚
620 2514 653 2576 in
665 2512 828 2577 theatrum
843 2533 877 2574 se
887 2513 1040 2600 proripit,
1052 2529 1100 2594 et,
1110 2511 1199 2602 quod

144 2615 228 2676 bene
243 2629 360 2694 vertat,
370 2615 541 2700 imperium
551 2630 647 2700 atque
660 2628 832 2701 praeturam
842 2611 996 2675 Aristioni
1010 2613 1198 2679 decernunt.

147 2714 203 2776 llle
216 2736 318 2800 quum
332 2713 366 2775 in
379 2714 576 2777 orchestram
586 2712 822 2793 adscendisset,
840 2713 950 2801 gratiis
964 2715 1087 2801 populo
1104 2716 1199 2796 actis,

145 2828 310 2900 postremo
335 2812 405 2875 hoec
429 2812 569 2893 adjecit:
592 2811 894 2900 uQuandoquidem
920 2836 998 2902 orgo
1018 2814 1202 2901 reipublicae

146 2935 297 2976 «summa
313 2911 353 2976 ad
370 2935 427 2978 vos
447 2912 558 2994 rediit,
575 2913 687 2978 vestris
704 2928 812 2977 autem
831 2913 996 2977 sententiis
1017 2936 1077 3003 ego
1100 2915 1200 2980 lectus

147 3037 241 3077 «sum
265 3015 435 3103 princeps,
457 3037 586 3102 aequum
607 3031 672 3096 est,
698 3030 736 3077 ut
758 3036 825 3077 non
853 3013 960 3076 minus
982 3036 1042 3102 ego
1063 3015 1200 3102 possim,

148 3136 269 3201 «quam
287 3115 427 3178 universi
450 3116 599 3204 potestis,
622 3130 719 3203 atque
743 3113 869 3202 polletis
887 3138 917 3195 υς
933 3115 1104 3200 statimque
1122 3114 1202 3193 juris

149 3214 326 3304 usurpandi
342 3238 452 3298 eausa,
466 3217 599 3280 nomina
614 3215 849 3303 quorumdam,
864 3237 946 3303 quos
966 3216 1101 3304 collegas
1120 3232 1203 3281 esset

90 3334 93 3339 ·
148 3316 338 3397 habiturus,
356 3316 465 3380 edidit
1169 3335 1171 3339 ‘

193 3417 309 3480 XLIX.
325 3417 440 3505 Neque
457 3418 575 3482 multos
588 3435 663 3506 post
675 3417 760 3499 dies,
775 3415 923 3504 praesidio
935 3418 1072 3480 militum
1084 3417 1203 3480 Arche-

150 3518 190 3582 lai
206 3519 323 3598 fretus,
340 3533 447 3606 aperte
463 3518 599 3606 arripuit
611 3516 833 3607 tyrannidem,
850 3519 1047 3606 grassarique
1065 3518 1100 3580 in
1116 3518 1202 3605 opti·

152 3641 243 3682 mum
260 3641 421 3706 quemque
437 3634 493 3682 aut
508 3619 794 3707 locupletissimum
813 3618 893 3681 mira
907 3618 1024 3681 ferocia
1040 3632 1072 3680 et
1087 3616 1203 3680 crude·

152 3721 240 3784 litate
248 3721 352 3808 coepit.
359 3720 454 3784 Unde
461 3743 564 3808 quum
572 3742 611 3784 ex
619 3719 700 3784 urbe
710 3719 802 3782 multi
815 3719 1033 3808 profugerent,
1043 3717 1203 3781 custodias

154 3821 187 3883 in
201 3822 302 3907 portis
315 3822 445 3908 posuit:
459 3839 492 3886 at
508 3821 553 3884 illi
567 3837 667 3885 noctu
680 3843 699 3883 e
713 3819 814 3888 muris
829 3818 1087 3882 demittebantur.
1102 3818 1205 3905 lgitur

155 3920 294 4002 emissis,
309 3922 366 4008 qui
384 3922 540 4009 fugientm
553 3937 839 4010 persequerentur,
858 3918 1036 4006 equitibus,
1052 3919 1145 3983 multi
1163 3920 1205 3983 ab

154 4021 205 4083 his
221 4020 317 4085 occisi
334 4037 426 4099 suut,
440 4022 492 4084 alii
505 4023 539 4084 in
550 4022 685 4086 vinculis
701 4022 838 4086 reuerti.
849 4021 936 4106 Saepe
951 4019 1035 4090 inter
1050 4019 1118 4083 haec
1131 4043 1206 4108 pro·

156 4121 244 4185 dihat
257 4122 291 4184 in
314 4121 504 4185 concionem
525 4144 599 4186 cum
615 4138 738 4185 armato
753 4120 916 4200 satellitio,
932 4119 1116 4206 multosque
1134 4136 1204 4183 stu·
1232 4120 1234 4125 ’

156 4221 232 4285 dere
243 4221 395 4285 Romanis
408 4221 614 4302 insimulans,
630 4244 744 4309 resque
760 4243 857 4285 novas
873 4221 998 4301 moliri,
1016 4244 1053 4284 ac
1069 4221 1150 4284 clam
1164 4221 1205 4284 ad

190 4433 447 4498 sirvitanum.
461 4435 540 4487 nar.
560 4463 594 4476 -
611 4436 728 4486 rosus.
744 4408 809 4502 ‚pta
826 4433 917 4485 anun.
929 4437 962 4495 v,
981 4437 1019 4485 rs.
1040 4462 1076 4480 μ
1096 4435 1206 4501 apum.

156 4515 266 4568 nausa.
