2670 5018
274 719 334 785 IN
367 717 480 784 LOC.
506 718 600 787 LIB.
628 719 813 787 LXXVII
842 722 1053 793 LIVIANI.
1152 671 1206 822 ¹19

128 859 224 924 puam
250 839 424 919 exercitu,
449 837 585 902 coloniis
611 862 670 927 per
696 841 820 904 Italiam
848 841 1049 911 deducendis
1073 871 1205 937 operam

131 938 229 1003 dedit.

171 1041 324 1106 XLVIII.
347 1042 413 1107 Sed
438 1041 571 1107 adversa
594 1037 713 1128 factio,
735 1045 792 1108 ubi
816 1068 939 1110 cessare
956 1065 1080 1113 metum
1099 1075 1206 1116 armo·

131 1165 202 1206 rum
229 1142 340 1224 videt,
366 1140 408 1207 ad
435 1144 609 1231 pristinum
634 1147 807 1210 consilium
835 1149 1002 1231 revoluta,
1028 1152 1205 1241 locupletes

131 1246 329 1332 presertim,
354 1262 388 1309 et
411 1244 540 1309 femina
563 1245 710 1334 quaedam
735 1247 937 1335 praedivites,
954 1251 1038 1314 nihil
1059 1275 1150 1337 non,
1168 1275 1206 1320 ut

133 1347 257 1409 exsules
284 1347 516 1431 restituerent,
540 1348 768 1413 moliebantur.
797 1350 903 1414 Etiam
931 1353 1105 1418 consulum
1132 1358 1206 1421 vitae

133 1444 325 1515 dicebantur
349 1446 473 1511 insidiae
499 1447 589 1531 lieri,
613 1449 703 1537 quod
727 1449 820 1515 iisse
844 1453 959 1536 salvis,
982 1470 1092 1520 tenere
1110 1481 1206 1547 posse

133 1549 336 1636 propositum
356 1549 482 1614 inimici
506 1572 573 1613 non
592 1550 760 1638 putabant.
777 1550 841 1614 Sed
858 1552 964 1634 Sulla,
982 1554 1058 1619 belli
1080 1557 1207 1621 mithri-

134 1648 228 1713 datici
244 1648 377 1714 decreto
391 1650 547 1739 imperio,
564 1651 667 1713 tutior
684 1650 725 1714 ab
738 1650 897 1729 ejusmodi
914 1655 1059 1740 periculo
1075 1656 1207 1723 videba-

134 1767 211 1816 tur:
232 1751 275 1833 Q.
294 1743 443 1841 Pompeii
461 1751 634 1816 miseratio
646 1752 778 1816 subibat
802 1753 941 1837 animis,
966 1758 1056 1845 quod
1078 1760 1105 1822 is
1124 1761 1207 1826 nihil

133 1852 172 1918 ad
187 1852 374 1942 praevalidas
389 1852 611 1942 reprimendas
626 1853 809 1918 inimicitias
825 1855 943 1919 virium
960 1857 1110 1924 habebat.
1126 1859 1206 1926 Ideo

133 1956 298 2043 provincia
315 1955 344 2019 ei
361 1955 451 2019 Italia
470 1977 546 2018 cum
561 1954 723 2035 exercitu,
736 1955 794 2042 qui
809 1970 880 2019 tum
895 1956 958 2020 sub
973 1959 1034 2023 Cn.
1046 1960 1205 2052 Pompeio

133 2059 327 2146 proconsule
341 2057 504 2139 merebat,
523 2057 636 2146 populi
648 2056 741 2141 jussu
759 2055 864 2120 datur.
890 2126 894 2133 ‚

174 2160 292 2224 XLIX.
304 2157 454 2223 Offendit
471 2181 508 2222 ea
520 2181 570 2222 res
584 2160 737 2240 Gnaeum,
756 2175 804 2240 et,
819 2175 858 2222 ut
871 2182 957 2224 novo
969 2185 1030 2226 nec
1040 2181 1131 2229 antea
1144 2189 1204 2230 au·
1243 2201 1246 2212 ·

133 2261 198 2326 dito
211 2262 324 2326 sceleri
336 2261 495 2350 praeberet
503 2261 704 2349 exemplum,
716 2261 878 2325 incitavit:
888 2261 953 2325 hoc
962 2264 1049 2329 enim
1060 2268 1203 2355 primum

133 2387 216 2428 anno
235 2363 380 2428 consulis
401 2362 528 2427 romani
547 2362 705 2451 ‘sanguine
722 2361 845 2450 polluta
864 2379 986 2446 castra,
1005 2364 1204 2455 imbutasque

133 2467 270 2530 militum
285 2487 403 2528 manus
414 2480 501 2529 sunt.
516 2464 647 2553 Quippe
659 2464 775 2527 consul
786 2464 978 2552 Pompeius,
991 2463 1032 2528 ad
1044 2467 1204 2557 accipien-

134 2566 208 2632 dum
228 2570 407 2633 exercitum
420 2566 604 2656 proiectus,
625 2581 658 2629 et
676 2566 759 2629 intra
777 2566 898 2631 vallum
911 2583 1081 2656 acceptus,
1098 2592 1202 2657 quum

132 2669 284 2758 postridie
302 2670 495 2734 concionem
518 2667 673 2749 haberet,
693 2667 830 2731 cedente
850 2668 883 2730 in
903 2668 1042 2755 speciem
1058 2694 1202 2758 procon-

132 2760 218 2853 sdle,
235 2771 311 2835 satis
323 2771 395 2834 laeta
408 2769 528 2841 habere
540 2769 631 2833 initia
647 2769 772 2858 imperii
786 2769 873 2832 visus
886 2785 954 2853 est,
973 2770 1030 2835 sed
1042 2795 1118 2836 mox
1131 2798 1200 2838 ma·

130 2873 196 2953 jore
213 2872 310 2938 turba
323 2873 420 2961 quasi
440 2871 553 2937 audire
569 2872 817 2935 concionantem
839 2871 1043 2961 cupientium
1060 2897 1201 2939 concur·
1287 2950 1289 2954 7

132 2992 238 3056 rente,
253 2974 294 3038 ab
304 2975 359 3056 iis,
371 2996 454 3062 quos
467 2973 508 3037 ad
519 2972 640 3037 caedem
649 2973 827 3065 proconsul
837 2973 1083 3056 subornaverat,
1095 2999 1199 3064 quum

133 3077 307 3142 sacrificare
315 3077 382 3157 jam
395 3077 565 3164 inciperet,
577 3074 767 3138 interfectus
780 3091 838 3139 est.

172 3179 207 3243 L.
231 3178 430 3259 Proconsul,
451 3175 647 3265 diffugiente
673 3176 816 3241 consulis
838 3178 1015 3258 comitatu,
1045 3194 1200 3266 tanquam

133 3281 256 3344 nescius
271 3280 421 3344 omnium
434 3278 508 3342 tulit
520 3300 554 3341 se
565 3278 712 3358 obviam,
725 3292 773 3358 et,
789 3299 824 3340 re
836 3277 957 3341 scilicet
970 3280 1117 3368 cognita,
1130 3275 1200 3371 gra·

132 3382 208 3446 viter
220 3381 385 3470 increpuit
398 3380 478 3444 tanti
495 3379 622 3443 sceleris
639 3395 788 3442 auctores
801 3401 809 3442 ε
822 3377 879 3441 sed
892 3379 1001 3442 statim
1015 3379 1111 3445 rediit
1123 3404 1199 3445 cum
1253 3430 1256 3435 -

132 3481 168 3546 iis
181 3483 215 3545 in
226 3483 363 3573 gratiam
373 3497 588 3570 ,receptoque
602 3479 757 3568 imperio,
770 3502 837 3542 uon
853 3496 901 3542 est
912 3502 1023 3569 passus
1038 3480 1199 3565 dubitari,

133 3585 220 3664 cujus
235 3607 299 3673 ope
316 3583 517 3670 consilioque
531 3582 730 3668 interceptus
740 3581 856 3645 consul
866 3579 962 3644 soret.
977 3581 1093 3668 Neque
1105 3606 1200 3646 sena·
1251 3612 1254 3617 ·

133 3701 182 3750 tus
192 3685 386 3766 vindicavit,
402 3684 523 3764 majore
535 3683 653 3747 talibus
666 3680 869 3770 temporibus
886 3698 1084 3766 castrorum,
1099 3708 1197 3772 qnam

132 3788 243 3868 eunae,
256 3786 414 3875 potentia.
431 3786 499 3849 Hac
511 3808 545 3849 re
557 3800 740 3872 comperta,
757 3783 873 3847 consul
891 3783 977 3847 Sulla
989 3784 1196 3852 intentiorem

133 3889 273 3978 corporis
293 3889 344 3953 sui
361 3885 533 3953 custodem
551 3887 635 3975 egit,
648 3907 817 3972 nunquam
835 3906 901 3946 non
917 3881 982 3947 fido
994 3902 1104 3974 septus
1116 3889 1202 3951 ami··

133 4013 261 4071 eorum,
276 3992 372 4056 etiam
391 4012 450 4078 per
469 4004 617 4069 noctem,
636 3984 807 4075 praesidio:
830 4008 936 4072 neque
955 3985 1015 4049 diu
1032 4004 1195 4071 moratus,

132 4090 270 4180 Capuam
284 4090 327 4155 ad
341 4090 519 4155 exercitum
532 4089 713 4176 profectus,
730 4087 886 4151 militibus
902 4104 1152 4177 commeatuque
1164 4109 1197 4156 et

133 4193 249 4257 oeteris
265 4192 355 4256 bello
371 4190 557 4255 necessariis
574 4190 607 4254 in
625 4189 759 4254 classem
775 4189 950 4277 impositis,
970 4189 1011 4254 ad
1030 4191 1197 4257 mithrida-

132 4293 227 4359 ticum
245 4294 371 4359 bellum
388 4292 558 4381 navigavit.

163 4479 177 4549 ς
191 4483 287 4534 XLIX.
299 4480 366 4529 ten.
378 4482 415 4539 11,
429 4496 472 4528 ao.
484 4506 518 4518 -
529 4480 582 4529 Liv.
594 4479 660 4543 llplt.
672 4477 822 4543 -Appiam
832 4476 931 4524 ——Vab
944 4477 1015 4527 Max.
1030 4480 1081 4538 tx,
1095 4495 1118 4539 7.

981 4599 1000 4643 2
1011 4628 1018 4642 .
