2670 5018
205 742 264 812 IN
296 742 409 811 LOC.
435 742 528 812 LIB.
554 744 757 813 LXXVIII
787 745 995 820 LIVIANI.
1084 747 1130 844 39

78 864 229 955 profugos
250 864 428 941 missitare,
447 857 628 953 complures
650 864 715 930 hoc
735 866 869 930 erimine
893 869 1042 934 sustulit:
1060 872 1129 935 aliis

79 966 196 1032 ademit
204 966 311 1043 bona,
328 979 520 1053 tantumque
535 966 586 1030 his
599 966 716 1054 rapinis
727 968 889 1058 congessit
901 991 1130 1050 nummorum,

81 1083 114 1132 ut
123 1068 221 1132 etiam
232 1083 351 1156 puteos
361 1067 486 1154 aliquot
496 1068 670 1156 compleret
677 1069 830 1156 pecunia3
843 1091 904 1133 nec
915 1071 1001 1133 enim
1011 1072 1128 1136 citium

81 1185 220 1252 tantum,
232 1168 289 1234 sed
302 1168 401 1233 etiam
412 1169 655 1258 peregrinorum
666 1170 831 1234 facultates
841 1170 975 1259 diripuit
985 1194 993 1235 :
1004 1172 1061 1237 sed
1072 1196 1132 1239 nec

82 1271 194 1336 :Delii
208 1271 367 1359 Apollinis
382 1271 519 1358 pecunia
536 1270 703 1360 sacrilegas
721 1271 876 1335 abstinuit
890 1294 1014 1336 manus.
1102 1321 1104 1325 .

123 1370 159 1434 L.
174 1371 310 1453 Quoties
323 1371 419 1436 alicui
426 1371 557 1436 dixisset
569 1371 798 1460 perduellionis
807 1371 911 1455 diem,
921 1371 1134 1453 interjudices

83 1471 147 1560 ipsc
159 1494 294 1560 quoque
307 1472 497 1562 suffragium
512 1472 654 1537 ferebat:
669 1472 732 1555 sic,
746 1472 804 1559 qui
819 1473 918 1536 semel
932 1474 1036 1537 factus
1052 1489 1135 1537 esset

83 1592 172 1653 reus,
194 1572 382 1637 elabebatur
401 1595 517 1654 nemo,
540 1589 671 1661 eratque
692 1573 913 1655 tantumdem,
934 1576 1135 1663 postulatum

83 1671 220 1759 aliquem
230 1673 294 1738 hoc
303 1673 446 1755 judicio,
459 1697 558 1762 quam
571 1675 755 1739 convictum
771 1691 868 1762 atque
881 1675 1134 1740 condemnatum

83 1795 168 1838 esse:
185 1774 274 1838 unde
289 1775 395 1839 coeteri
411 1776 573 1857 exterriti,
591 1776 688 1840 simul
700 1775 819 1840 deferri
835 1799 954 1840 nomen
971 1799 1068 1840 suum
1083 1778 1136 1840 in·

84 1875 283 1957 tellexerant,
296 1876 331 1939 in
345 1877 492 1941 exsilium
505 1877 799 1965 proficiscebantur.
815 1877 880 1943 Sed
888 1877 1046 1955 Aristion,
1060 1878 1136 1968 fuga

83 1975 210 2039 illorum
222 1977 355 2041 minime
371 1993 563 2060 contentus,
578 1980 832 2068 sanguinemque
843 1978 969 2061 sitiens,
984 1994 1033 2043 ter
1044 1978 1136 2044 denis

84 2192 146 2259 set,
160 2192 271 2265 portas
285 2177 507 2261 custodiebat3
523 2195 555 2243 et
572 2194 736 2294 quotquot
752 2179 793 2241 ab
808 2177 1049 2243 insidiatoribus
1067 2202 1138 2267 pas·

84 2276 141 2340 sim
157 2298 216 2364 per
228 2299 322 2366 agros
337 2277 500 2367 dispositis
516 2279 619 2367 excipi
633 2292 824 2366 potuerant,
841 2301 897 2342 eos
910 2278 1030 2344 indicta
1044 2303 1139 2344 causa

85 2378 280 2442 exmuciatos
303 2379 462 2468 supplicio
485 2380 596 2469 capitis
617 2378 807 2445 afficiebat:
831 2376 888 2442 sed
911 2394 944 2442 et
967 2379 1052 2443 inter
1071 2379 1139 2511 ipsa

86 2493 244 2542 tormenta
259 2480 353 2544 multi
372 2480 622 2546 emoriebantur.

126 2579 178 2643 LI
191 2579 342 2661 Quum
318 2581 726 2671 sicquoqucproesentium
740 2582 899 2646 malorum
915 2603 1023 2664 sensu,
1036 2582 1139 2646 minas

86 2679 342 2767 impendentium
353 2683 519 2765 vincente,
533 2683 626 2747 multi
640 2685 867 2774 profugerent,
881 2682 981 2748 edixit
993 2706 1051 2773 per
1063 2707 1140 2772 pras·

86 2802 217 2864 eonem,
242 2796 280 2846 ut
299 2783 356 2847 sub
374 2805 518 2848 occasum
540 2784 605 2850 dni
623 2783 712 2847 domi
731 2805 797 2847 suae
814 2786 941 2871 quisque
963 2797 1059 2864 esset;
1084 2807 1140 2847 nec

87 2881 272 2970 irrdcpostsa
279 2931 289 2964 ,
304 2882 359 2948 vel
364 2908 435 2948 cum
443 2884 568 2950 laterna
578 2882 758 2972 autfunalr'
767 2883 969 2970 egrederetur.
980 2886 1141 2949 Caeterum

87 2983 218 3049 Athenis
233 2983 324 3048 hunc
341 2986 376 3049 in
392 2984 526 3049 modurn
545 2984 587 3049 ad
606 2984 836 3050 mithridaticae
852 3001 957 3074 partes
974 2984 1141 3068 adductis,

88 3085 279 3168 Archelaus,
297 3101 450 3174 tanquam
472 3109 545 3151 arce
563 3087 640 3151 belli
655 3109 752 3167 usus,
767 3087 843 3151 alias
865 3108 999 3174 quoque
1014 3085 1142 3151 Graeciae

88 3185 228 3252 civitates
241 3212 260 3252 a
271 3189 424 3253 Romanis
434 3189 634 3253 abalienavit.
647 3190 736 3253 lnter
747 3189 807 3252 hos
821 3188 929 3252 Achaei
944 3187 1094 3268 suerum,
1106 3203 1140 3252 et

90 3289 344 3370 lacedemonii,
361 3314 437 3356 cum
460 3290 609 3354 universa
629 3289 766 3370 Boeotia,
789 3290 850 3352 nisi
868 3287 959 3376 quod
976 3312 1040 3353 una
1057 3289 1144 3352 The·

92 3392 265 3508 spiensium
288 3390 366 3454 urbs
388 3389 590 3455 obsidionem
609 3391 675 3478 pati
695 3390 867 3471 maluerat;
888 3411 963 3452 nam
981 3388 1146 3470 Thebani,

93 3495 156 3557 sive
172 3507 304 3582 propter
316 3491 488 3556 amicitiam
502 3491 764 3569 Atheniensium,
780 3491 845 3555 sive
860 3490 988 3554 levitate
1005 3437 1144 3599 quadani

92 3597 291 3672 animorum,
306 3594 392 3659 ultro
405 3594 549 3682 partibus
564 3609 776 3659 accesserunt.

134 3695 201 3759 LII.
215 3694 307 3757 Inter
316 3694 635 3784 haecMetrophanes
652 3717 709 3781 qur
699 3693 836 3757 Delum
848 3691 1055 3779 spoliaverat
1069 3712 1145 3757 curn

94 3796 179 3885 regia
204 3794 303 3859 classe
323 3810 475 3884 vagatus,
500 3819 594 3886 agros
616 3796 700 3860 circa
722 3790 977 3873 Demetriadem,
1002 3792 1146 3881 itemque

94 3896 273 3985 Magnetas,
287 3911 320 3960 et
333 3896 360 3959 si
372 3896 430 3982 qni
440 3897 492 3960 alii
505 3896 758 3961 dominationem
774 3895 856 3983 regis
872 3893 1073 3974 abnuebant,
1087 3917 1148 3980 po·

95 3997 274 4085 pulabatur.
293 3996 355 4060 Sed
372 3997 463 4061 bunc
475 3998 619 4062 Bruttius
639 3997 737 4077 Sura,
758 3998 796 4060 C.
808 3995 909 4060 Sentii
922 3994 1147 4060 Macedoniam

95 4096 269 4160 obtinentis
286 4095 425 4185 legatus,
444 4120 520 4162 curn
535 4098 644 4190 paucis
661 4097 726 4162 suis
742 4097 876 4160 navibus
890 4118 1071 4186 aggressus,
1089 4119 1148 4160 na·

96 4218 166 4260 vem
184 4218 283 4260 unam
299 4218 374 4260 cum
387 4196 539 4262 hemiolia
553 4197 724 4286 depressit3
739 4211 770 4261 et
779 4219 910 4278 omnes,
925 4197 982 4284 qui
991 4196 1041 4260 his
1051 4196 1150 4261 vehe-

132 4394 204 4459 sn.
216 4395 337 4444 Plutarch.
351 4396 379 4442 in
397 4395 479 4456 Sulla,
495 4411 549 4460 cap.
564 4410 605 4444 ar.
619 4424 653 4434 -
667 4395 772 4460 Appim.
789 4393 901 4443 Minuta
919 4421 953 4432 —
971 4394 1096 4443 Memnon.
1113 4417 1149 4430 -·

97 4479 197 4528 hasam
211 4479 254 4528 lib.
265 4481 302 4528 111
316 4490 341 4528 et
352 4481 399 4529 nt
