2670 5018
234 739 304 813 ‚20
431 654 864 785 Jossrnurusuauu
897 710 1141 781 surrtun.

301 836 353 900 Ll.
372 834 488 924 Neque
510 855 560 898 res
581 832 717 897 asiaticae
742 831 918 896 adventum
939 832 1008 911 ejus
1026 854 1140 920 parum
1160 831 1324 898 desidera·

258 938 358 1002 bant:
375 938 417 1001 ita
439 953 585 1024 tempore
603 952 636 998 et
652 934 821 999 occasione
839 932 1041 998 Mithridates
1057 935 1219 1001 utebatur.
1240 938 1324 1000 liuic

260 1041 327 1129 regi
347 1055 415 1104 tum
432 1030 467 1102 in
484 1060 519 1103 se
535 1036 705 1126 magnilica
722 1052 815 1101 erant
830 1037 959 1116 omnin,
974 1051 1063 1118 urm,
1084 1058 1157 1124 quae
1169 1035 1232 1101 sibi
1248 1037 1323 1102 dare

259 1163 357 1204 nemo
374 1155 499 1228 potest,
512 1139 643 1207 fortuna
661 1137 855 1226 providerat.
881 1139 967 1228 Opes
982 1154 1080 1225 atque
1091 1140 1271 1227 potentiam
1285 1142 1323 1205 il·

257 1241 414 1306 lustrabat
427 1262 531 1330 genus
545 1262 563 1305 a
576 1255 699 1328 septem
719 1240 824 1305 Persis
845 1240 962 1305 illustri
979 1240 1062 1306 seric
1077 1240 1275 1325 deductum,
1291 1262 1324 1309 et

256 1342 433 1408 Artabanes
447 1341 538 1431 regni
553 1340 715 1405 conditor.
732 1341 796 1406 Sed
809 1341 970 1430 praecipue
983 1344 1209 1411 auctoritatem
1221 1346 1250 1410 ei
1267 1368 1324 1435 pa·

257 1459 366 1507 rarant
379 1464 535 1531 prospera
550 1457 584 1505 ct
596 1462 712 1531 magna
727 1442 804 1508 belli
821 1443 1016 1531 primordia,
1029 1444 1120 1532 quod
1135 1462 1223 1511 tanta
1238 1449 1272 1511 in
1284 1470 1324 1512 eo

258 1546 307 1609 vis
317 1567 387 1629 esqe
398 1542 575 1624 videretur,
589 1559 645 1623 ut,
659 1565 764 1630 quum
773 1545 917 1633 primum
933 1544 1091 1633 inciperet
1105 1547 1245 1628 moveri,
1257 1563 1324 1613 tota

258 1668 375 1736 regna,
393 1644 484 1708 nullo
497 1662 696 1732 magnopere
709 1642 857 1708 adhibito
872 1660 1009 1727 conatu,
1023 1662 1159 1734 raperet.

304 1748 373 1811 Lll.
396 1744 512 1832 Neque
530 1743 634 1822 majus
655 1743 744 1807 aliud
759 1744 800 1808 ad
819 1744 1012 1810 movendam
1027 1745 1175 1834 quolibet
1189 1747 1323 1812 inclina·

258 1849 383 1913 tionem
396 1847 582 1911 animorum
600 1845 857 1910 instrumentum
877 1864 943 1929 est,
959 1869 1058 1936 quam
1075 1848 1251 1914 commodo
1267 1872 1324 1915 co·

259 1965 411 2014 natorum
423 1961 543 2026 eventu
553 1963 643 2035 parta
655 1946 812 2012 felicitatis
823 1946 919 2013 fama.
935 1950 1039 2039 Igitur
1049 1951 1189 2015 fortune
1202 1951 1323 2016 instan-

256 2049 338 2115 dum
352 2064 459 2130 ratus,
479 2064 556 2136 post
576 2048 699 2114 victum
722 2072 740 2112 a
759 2049 826 2114 s'uis
847 2050 1082 2134 Nicomedem,
1102 2074 1141 2116 ex
1165 2055 1324 2117 Amuscuo

259 2174 390 2240 campo,
403 2150 460 2215 ubi
472 2149 589 2216 auxilia
606 2152 767 2217 varimum
781 2151 928 2241 gentium
942 2170 1166 2235 recensuerat,
1188 2176 1248 2242 per
1263 2154 1323 2219 Pa·

260 2253 468 2344 phlegoniam
486 2251 634 2334 incessit,
660 2256 793 2318 centum
817 2254 1054 2344 quinquaginta
1076 2255 1214 2319 millium
1236 2276 1326 2319 exer·

259 2359 362 2422 citum
388 2353 522 2420 ducens.
549 2353 649 2436 lnde,
674 2355 808 2443 expulso
835 2355 942 2420 obiter
968 2357 1150 2446 Pyloemcne
1171 2380 1262 2448 rege,
1284 2355 1324 2421 ad

260 2459 404 2524 Scoroba
429 2472 595 2538 montem,
618 2457 676 2520 ubi
698 2456 856 2545 Bithyniae
875 2457 1040 2547 Pontique
1063 2457 1204 2524 coislinia
1228 2475 1324 2537 sunt,

259 2557 399 2624 deflexit.

304 2661 390 2723 Llll.
412 2657 489 2724 Non
506 2659 601 2746 longe
625 2657 745 2722 abhinc
769 2659 824 2724 Μ’.
846 2661 1006 2748 Aquillius
1033 2678 1135 2728 castra
1155 2681 1324 2752 posuerat,

260 2777 384 2849 etpost
403 2761 514 2829 infelix
532 2759 679 2847 praelium
701 2783 777 2824 cum
796 2761 941 2849 reliquiis
962 2785 1098 2833 suorum
1121 2763 1326 2829 Nicomedes.

262 2863 313 2928 lbi
329 2886 368 2928 ex
384 2862 639 2952 praecursoribus
652 2880 785 2928 centum
806 2865 942 2929 omnino
956 2865 1126 2949 Sarumtae,
1148 2889 1220 2953 quas
1236 2888 1326 2932 acer·

263 2967 344 3029 rima
363 2965 570 3054 equestribus
590 2966 706 3054 praeliis
724 2989 803 3063 gens
828 2983 893 3049 est,
914 2969 1116 3059 octingentos
1138 2968 1326 3034 Nicomedis

263 3067 388 3153 equites
413 3067 517 3149 nacti,
551 3065 725 3156 profligant
752 3067 924 3157 Bithynos,
952 3069 1178 3158 quosdamque
1210 3094 1324 3137 eorum

261 3184 372 3254 captos
383 3166 554 3235 adducunt
565 3168 607 3232 sd
617 3191 738 3258 regem.
754 3171 813 3234 llle
829 3194 866 3236 ex
882 3174 989 3262 priore
1001 3174 1150 3239 instituto
1166 3174 1226 3238 bos
1240 3198 1325 3263 quo·

261 3292 342 3357 que,
359 3269 476 3334 viatico
492 3268 586 3350 dato,
606 3269 741 3335 dimittit
755 3273 789 3335 in
802 3274 948 3360 patriam.
968 3276 1016 3338 lta
1033 3277 1098 3339 vim
1118 3275 1187 3339 aliis
1202 3275 1325 3363 pontici

259 3371 360 3458 regis,
383 3370 590 3458 militumque
609 3372 781 3452 virtutem,
803 3374 871 3437 aliis
897 3375 1099 3441 clementiam
1122 3374 1325 3463 praedicanti·

258 3472 340 3553 bus,
360 3493 464 3559 quum
484 3472 525 3537 ab
544 3489 682 3561 utraque
699 3497 795 3540 causa
815 3479 1022 3564 popularium
1041 3479 1157 3543 animis
1178 3479 1327 3544 Nicome-

259 3571 316 3638 des
336 3570 516 3654 diffideret,
536 3596 603 3639 non
622 3592 805 3664 exspectato
823 3578 1019 3643 Mithridatis
1035 3580 1197 3662 adventu,
1212 3604 1324 3646 versus

261 3673 296 3736 L.
309 3673 457 3737 Cassium
473 3675 667 3741 retrocessit.
682 3676 830 3758 Manius,
845 3678 922 3768 fuga
935 3681 1150 3771 Bithynorum
1166 3682 1324 3764 nudatus,

258 3796 362 3860 quum
379 3774 468 3839 solus
482 3779 630 3842 resistere
642 3780 738 3843 tantis
750 3780 851 3868 copiis
862 3803 929 3846 non
939 3801 1065 3873 posset,
1076 3785 1110 3848 in
1120 3785 1242 3848 tutiora
1256 3786 1325 3850 lora

257 3875 419 3964 cogitabat
436 3877 603 3960 recedere;
614 3880 672 3945 sed
688 3905 763 3947 eum
781 3884 1017 3972 Neoptolemus
1033 3885 1230 3951 Mithridatis
1247 3910 1324 3975 pur·

258 3993 412 4066 puratus,
429 3999 504 4041 cunr
520 3981 676 4045 Armenio
692 3983 918 4073 Menophane‚
933 3988 994 4071 sub
1013 3986 1126 4050 boram
1143 3986 1207 4051 diei
1228 3988 1324 4076 septi·

259 4101 344 4145 mam
361 4080 545 4167 assequuti,
558 4103 703 4170 pugnare
721 4105 909 4176 coegerunt.

292 4305 308 4369 S
326 4307 366 4353 Ll.
381 4306 445 4353 Flor.
459 4307 509 4369 ΙΙ),
525 4307 549 4356 5.
564 4335 597 4344 -
611 4309 700 4375 Polyb.
710 4313 741 4370 V,
756 4314 798 4367 43.
813 4341 847 4350 -
861 4314 957 4364 Sallust.
971 4315 1038 4381 apud
1051 4321 1077 4366 L.
1090 4317 1187 4383 Ampel.
1201 4345 1236 4354 —
1250 4320 1325 4367 Auct.

258 4387 289 4436 de
299 4388 353 4436 Vir.
367 4388 454 4436 illustr.
465 4389 530 4454 “S
543 4391 595 4440 Lll.
605 4393 725 4442 Memnon
736 4397 801 4460 apud
812 4398 883 4447 Pbot.
898 4426 933 4438 --
948 4402 1020 4448 Oros.
1028 4401 1078 4459 VI,
1091 4417 1114 4448 a.
1126 4429 1161 4439 -
1175 4404 1278 4466 Eutrop.
1290 4430 1323 4438 --

259 4473 367 4537 Appiam
379 4472 493 4523 Mithrid.
505 4501 539 4512 -
553 4472 569 4539 S
580 4477 643 4528 tut.
653 4479 731 4529 Tacit.
745 4480 810 4530 illst.
824 4483 849 4543 1,
863 4499 905 4546 79.
918 4498 952 4523 -ὲ-
962 4485 1071 4552 Appiam
1081 4512 1116 4522 -
1125 4484 1251 4535 nemos.
