2670 5018
311 735 367 802 ln
400 735 511 803 noc.
537 736 628 803 mn.
656 736 797 804 cxxx
826 739 1036 814 Lrvmnr.
1149 750 1205 846 s7

148 856 288 920 ·diutius
299 855 375 918 illos
390 855 593 936 Ariminum,
610 877 709 942 quam
724 856 863 921 Cinnam
880 876 914 923 et
925 862 1083 948 Marium,
1099 867 1209 934 desen·

145 957 319 1022 «dentibus
338 955 450 1036 nobis,
468 956 570 1019 Roma
589 972 744 1021 moretur.

184 1061 275 1124 XXI.
291 1089 303 1112 ι
314 1059 349 1126 si
361 1058 449 1122 nulla
459 1080 532 1145 spes
540 1058 582 1121 sit
593 1058 670 1140 alia,
683 1060 804 1123 Sullam
816 1083 1020 1150 revocemus3
1033 1085 1089 1133 aut
1098 1072 1125 1134 si
1139 1074 1207 1139 haec

144 1183 295 1249 «quoque
315 1158 526 1224 intolerabilis
545 1182 635 1224 mora
650 1159 813 1243 videatur,
836 1163 898 1250 ipsi
917 1166 1027 1253 potius
1047 1174 1207 1238 conceda-

143 1285 235 1327 ·mus
247 1263 342 1326 novis
356 1262 480 1327 civibus
491 1261 582 1348 quod
594 1278 729 1349 petunt:
744 1263 803 1326 ubi
818 1283 966 1330 senatum
983 1273 1205 1362 populumque

142 1363 334 1427 «habebunt
358 1362 455 1442 hujus
479 1361 627 1426 beneficii
651 1379 821 1447 auctores,
849 1367 985 1433 Cinnam
1014 1388 1047 1436 et
1074 1391 1206 1441 caeteros

142 1463 309 1544 «ejtrsdem
335 1464 430 1529 sortis
453 1487 521 1528 non
545 1464 630 1528 ultra
651 1465 903 1532 morabuntur.»
924 1471 1056 1536 Frustra
1078 1475 1147 1539 baec
1170 1478 1203 1541 in

143 1583 232 1631 tanto
249 1566 395 1653 plurium
413 1581 504 1629 metu
523 1563 737 1630 dicebantur:
755 1565 878 1631 idcirco
895 1592 998 1655 quum
1015 1572 1132 1661 legatio
1152 1576 1208 1641 de-

141 1683 346 1748 cerneretur,
364 1667 583 1749 Q.ll1etellus,
601 1667 698 1731 Urbis
715 1668 817 1733 salute
833 1668 1017 1758 desperata,
1036 1692 1074 1739 ut
1091 1679 1206 1742 melio·

141 1769 229 1833 ribus
249 1791 284 1832 se
303 1768 506 1856 temporibus
526 1784 682 1848 servaret,
699 1768 733 1831 iu
749 1769 882 1857 Ligures
904 1772 1065 1860 primum,
1088 1775 1207 1845 deinde

140 1894 175 1934 cr
193 1869 368 1958 Liguribus
383 1868 418 1932 in
432 1868 575 1933 Africam
589 1885 639 1966 est
653 1868 827 1957 profectus.
1033 1862 1038 1868 ’

183 1973 291 2037 XXII.
309 1972 464 2059 Legatos,
479 1970 671 2058 priusquam
689 1971 871 2058 inciperent
885 1973 963 2056 sari,
981 1976 1018 2041 L.
1033 1978 1138 2043 Cinna
1151 1981 1205 2044 in·

139 2074 332 2162 terrogavit,
347 2072 396 2135 ad
411 2071 625 2152 consulemus,
641 2095 686 2134 an
707 2095 783 2134 vero
801 2073 850 2136 ad
858 2077 1020 2161 privatum
1036 2083 1205 2145 sentent?

140 2173 345 2238 Haerentibus
357 2173 433 2252 illis,
447 2171 564 2236 deinde
575 2171 617 2236 ad
629 2171 868 2237 considendum
879 2194 1026 2241 senatum
1037 2178 1070 2242 in
1081 2182 1204 2246 Urbem

137 2275 290 2356 reversis,
315 2297 433 2363 magna
457 2273 554 2338 etiarn
576 2273 797 2362 ingenuorum
825 2275 945 2341 civium
969 2280 1145 2346 multitudo
1164 2284 1204 2350 ad

138 2377 275 2441 Cinnam
294 2399 329 2441 se
351 2375 489 2440 contulit
508 2396 516 2440 :
536 2375 631 2438 multi
653 2374 903 2460 famemver'iti3
929 2402 1001 2467 pars
1020 2383 1203 2464 majorjam

137 2493 210 2543 ante
226 2478 289 2543 illis
310 2476 456 2566 partibus
472 2474 616 2551 addicta,
634 2492 666 2540 et
684 2476 726 2541 ad
745 2475 917 2542 nudandos
936 2481 1062 2545 animos
1082 2506 1203 2573 oppor-

138 2595 215 2644 tuna
241 2595 391 2667 tempora
418 2594 560 2666 captans.
587 2576 670 2642 Inde
697 2576 832 2642 mirifice
857 2578 1066 2647 confirmatus
1091 2586 1200 2650 animo

137 2681 259 2763 Cinna,
278 2679 340 2745 sub
356 2680 434 2768 ipsis
458 2678 620 2744 moenibus
637 2681 749 2743 Romae
768 2695 855 2743 extra
867 2680 991 2759 jactum
1008 2683 1062 2748 teli
1084 2707 1200 2752 conse·

134 2782 182 2848 dit
196 2807 205 2847 :
219 2807 281 2848 nec
295 2782 383 2846 eninr
396 2781 549 2846 Octavius
563 2779 702 2861 objicere
714 2803 784 2844 sese
796 2781 951 2864 audebat,
965 2787 1151 2875 transfugiis
1167 2805 1200 2852 et

135 2885 350 2975 legationibus
363 2907 462 2948 omne
476 2883 602 2948 homini
612 2881 802 2962 consilium,
815 2905 1014 2972 omnemque
1029 2909 1200 2976 propemo-

136 2987 215 3052 dum
241 3005 384 3052 mentem
406 2985 629 3074 eripientibus.
650 2983 783 3048 Senatui
808 3006 876 3048 non
897 2985 970 3073 plus
993 2987 1197 3072 animorum,

135 3112 232 3177 quarn
252 3089 408 3169 Octarim
426 3102 602 3176 supererat.
622 3085 762 3150 Cinnam
778 3108 838 3173 pro
857 3087 991 3151 consule
1008 3087 1144 3172 habere,
1163 3091 1198 3156 id

135 3212 211 3254 vero
227 3207 297 3255 orat
311 3205 517 3255 exauctorare
530 3187 707 3267 Merulam,
724 3209 821 3273 quern
836 3187 1038 3253 sanctissimo
1053 3190 1199 3256 sacerdo·

135 3293 196 3373 tio,
213 3291 404 3381 praeditum,
424 3291 493 3354 sine
510 3290 575 3354 ulla
589 3312 647 3353 sua
666 3288 778 3376 culpa,
795 3286 882 3367 iuste
897 3290 996 3378 partis
1015 3290 1195 3365 bonoribus

134 3394 207 3458 exui
218 3394 327 3477 triste,
340 3410 464 3473 contra,
474 3391 586 3456 Cinnae
598 3413 666 3455 non
676 3389 813 3477 obsequi
824 3389 995 3454 exitiosum
1005 3391 1194 3459 habebatur.

175 3497 301 3560 XXIII.
323 3497 368 3559 Ut
385 3494 484 3558 rebus
505 3493 637 3581 trepidis
655 3492 755 3571 solet,
779 3491 913 3556 utilibus
934 3493 1079 3560 honesta,
1091 3516 1194 3559 cesse·

134 3612 228 3678 runt3
243 3612 276 3660 et
289 3598 327 3661 L.
335 3595 461 3661 Merula
473 3594 605 3675 consul,
622 3593 741 3684 egregii
749 3594 828 3657 civis
837 3591 948 3657 officio
964 3595 1114 3675 functus,
1128 3618 1196 3660 ver·

133 3696 182 3761 bis
192 3699 226 3762 in
240 3712 375 3777 senatu,
387 3694 505 3761 deinde
514 3693 554 3760 ad
562 3696 726 3783 populum
737 3695 844 3775 lactis,
859 3695 951 3782 :Ego
964 3673 1056 3776 reio,
1071 3696 1193 3784 inquit,

132 3800 181 3863 «si
198 3815 314 3887 praeter
328 3798 391 3862 hos
407 3797 508 3862 fasces
530 3798 611 3861 nihil
634 3796 867 3884 impedimento
885 3796 955 3883 paci
975 3812 1040 3878 est,
1063 3817 1192 3887 paratus

131 3901 244 3965 urobis
257 3900 326 3965 dux
341 3916 375 3964 et
387 3915 501 3963 auctor
515 3899 556 3964 ad
572 3897 779 3964 concordiam
796 3919 853 3962 ero
866 3921 874 3962 :
889 3898 979 3985 quod
992 3899 1093 3989 igitur
1104 3923 1193 3967 sena·

130 4002 200 4065 «tui
222 4001 413 4090 populoque
436 4022 573 4066 romano
595 4000 680 4065 bene
700 4015 822 4079 vertat,
846 4000 1067 4083 considatum,
1090 4025 1189 4090 quern

120 4103 271 4168 sipritus
293 4102 423 4189 accepi,
443 4101 559 4167 lubens
584 4123 659 4167 ecce
681 4101 846 4189 depono».
872 4100 949 4166 Post
970 4100 1191 4168 abdicatuma

130 4204 252 4270 Merula
270 4203 513 4292 magistratum,
531 4204 628 4293 legati
648 4201 690 4269 ad
712 4203 869 4284 Cinnam,
895 4217 1050 4291 tanquam
1069 4226 1190 4270 consu·

159 4415 263 4481 3111.
280 4413 410 4464 plumat
424 4415 450 4464 in
468 4416 561 4476 Mario,
573 4432 627 4480 cap.
642 4432 667 4477 p.
680 4443 714 4453 -
730 4414 782 4466 liv.
798 4415 865 4479 Epit.
880 4414 1023 4469 tmtv.
1034 4443 1070 4454 -
1082 4415 1191 4481 Appian.

128 4515 151 4562 p
163 4501 209 4564 ³⁹²
223 4513 250 4549 et
265 4499 329 4562 39⁸.
