2670 5018
327 41 431 109 jubet.
462 32 526 93 Sed
549 30 714 92 Afraniani
743 31 895 117 propiore
920 52 929 92 s

330 148 466 218 ortaque
486 153 615 218 pugna,
632 132 765 194 Caesaris
783 131 898 194 milites
915 155 931 194 r

331 232 470 296 adducta
491 233 574 319 legio
597 255 699 308 nona,
717 256 821 320 quum
845 233 930 295 invic

330 360 406 399 vore
421 336 606 399 certaminis
625 335 777 399 cedentes
796 336 933 421 insequu

332 437 439 500 cessit.
706 512 715 530 ο

374 539 464 601 XVI.
483 539 639 624 Quinque
658 538 748 601 horis
767 538 812 601 ibi
828 536 936 600 dimica

331 662 404 702 rum
422 640 589 726 periculo,
605 640 640 701 in
655 661 738 726 quos
759 661 798 701 ex
814 639 938 726 superi<

330 740 555 829 adigebantur.
571 740 679 804 Multo
690 756 798 805 tamen
811 740 885 827 plus
896 762 938 803 vu

331 842 475 907 hostiurn
497 867 595 932 supra
617 843 776 907 ducentos
800 841 941 907 ceciderr

329 944 544 1032 septuaginta.
563 944 739 1007 Victoriam
754 940 892 1031 ustoque
905 966 943 1033 pa

330 1046 436 1135 peiani
458 1064 593 1133 propter
622 1047 788 1110 tumulum
812 1062 943 1110 retentu

329 1151 455 1227 fuerat,
474 1165 506 1212 et
528 1164 657 1212 coactos
683 1163 773 1235 terga
792 1147 945 1211 vertere]

330 1266 363 1313 et
377 1249 449 1313 loco
465 1249 581 1336 impari
598 1248 744 1336 praelium
763 1264 813 1313 tot
830 1248 919 1312 honis
936 1270 947 1311 s

331 1374 421 1414 mum
435 1352 556 1415 virtute
569 1350 697 1414 connisi
708 1349 944 1414 adscenderant

331 1452 407 1517 inde
429 1454 462 1516 in
487 1452 647 1542 oppidum
663 1453 864 1542 fugaverant.
889 1452 950 1531 Maj

330 1554 480 1618 resolutis
493 1554 656 1619 montium
669 1555 816 1635 nivibus,
829 1577 953 1641 aquarn

332 1657 452 1720 minata
468 1673 535 1737 est3
552 1680 624 1743 quae
642 1678 706 1718 una
728 1655 782 1719 die
797 1674 953 1743 utrumqu

330 1759 429 1846 rupit.
455 1760 567 1822 Castra
589 1774 682 1821 erant
704 1757 876 1821 interduo
895 1756 954 1821 ssur

330 1857 420 1945 quod
443 1861 585 1947 spatium
609 1875 678 1923 erat
700 1881 855 1947 passuum
878 1860 954 1922 circi

330 1960 391 2023 hos
408 1963 582 2027 conclusus
598 1979 709 2026 tantus
725 1962 904 2042 exercitus,
923 1984 954 2023 nt

330 2062 501 2146 vitatibus,
519 2090 591 2153 quae
607 2082 695 2129 trans
707 2063 842 2130 flumina
859 2079 951 2127 erant

331 2163 399 2193 1...ss
544 2168 551 2179 '
