2670 5018
172 688 1182 711 δἊΜΜΜΜΜΜδἈΜὶἈΜἉδΜΜῦΜᾸἈ
1187 692 1199 707 δ

293 886 578 989 JOANNIS
618 885 1079 974 FREINSHEMII

201 1107 1168 1247 SUPPLEM-ENTORUM

369 1381 985 1506 LIVIANORUM

440 1626 442 1631 ⁵
477 1624 650 1721 LIBER
692 1643 880 1721 LXXVI
952 1689 954 1695 ·

334 1850 378 1904 IN
408 1849 560 1905 LOCUM
585 1850 708 1904 LIBRI
737 1850 812 1906 ext
840 1850 1027 1904 LIVIANI

481 2084 873 2119 ..-ΛΦ-...η

506 2294 509 2301 ·
554 2276 797 2344 EPlTOME

320 2446 450 2501 munt
482 2445 743 2502 cenaeslnr
773 2445 1025 2501 nunecius

141 2585 178 2637 ll.
193 2587 291 2639 Coelius
305 2589 386 2640 liuius
396 2599 509 2660 pretor,
524 2606 607 2660 quum
620 2585 762 2641 seditiones
773 2587 799 2638 io
810 2587 884 2639 Urbe
898 2587 1057 2645 concitaret,
1071 2603 1201 2637 novarum

176 2670 325 2723 tabularum
337 2690 383 2742 spe
392 2672 470 2744 plebe
483 2670 620 2724 sollicitata
630 2708 638 2735 ,
648 2673 777 2743 abrogato
787 2672 943 2743 magistratu
955 2671 1047 2742 pulsus
1060 2672 1141 2734 urbe,
1155 2670 1205 2722 lili·

174 2754 229 2807 loni
248 2756 348 2819 exsuli,
368 2758 414 2827 qui
437 2756 607 2827 lugitivorum
628 2757 770 2809 exercitum
791 2766 972 2818 contraxerat,
1001 2774 1029 2806 se
1047 2753 1200 2828 conjunxit:

173 2852 301 2912 uterque,
319 2860 402 2912 quum
416 2842 515 2894 bellum
531 2840 698 2904 molirentur,
709 2839 841 2893 interlecti
850 2852 920 2892 sunt.
934 2838 1088 2909 Cleopatra,
1098 2837 1204 2910 AEgypti

172 2924 279 2993 regina,
290 2944 306 2976 a
318 2925 458 2977 Ptolemaeo
468 2928 550 2978 fratre
562 2945 645 2996 regno
657 2924 732 2996 pulsa
749 2936 796 2977 est.
812 2926 923 2995 Propter
936 2925 970 2988 Q.
988 2922 1070 2977 Cassii
1083 2923 1201 2993 praetoris

173 3008 310 3058 avaritiam
324 3007 560 3080 crudelitatemque
573 3009 757 3063 Cordubenses
773 3011 800 3061 in
816 3009 943 3079 Hispania
960 3027 1021 3061 cum
1040 3005 1144 3058 duabus
1157 3023 1202 3057 va·

172 3089 252 3141 rianis
273 3091 417 3160 legionibus
436 3110 451 3142 a
469 3094 585 3162 partibus
606 3093 716 3145 Caesaris
734 3092 911 3144 desciverunt.
930 3093 981 3145 Cn.
995 3090 1147 3160 Pompeius,
1165 3087 1199 3153 ad

171 3173 367 3245 Dyrrhacthm
381 3175 501 3226 obsessus
512 3194 527 3226 a
539 3177 658 3238 Caesare,
677 3180 720 3238 el,
739 3174 864 3246 presidiis
874 3178 929 3248 ejus
940 3195 1002 3229 cum
1016 3192 1113 3244 magna
1123 3171 1200 3224 clade

173 3256 282 3311 diverse
291 3258 371 3329 partis
380 3259 549 3328 expugnatis,
563 3258 699 3313 obsidione
708 3260 851 3323 liberatus,
865 3258 991 3312 translato
1000 3255 1198 3311 in'l'hessaliam

172 3342 258 3405 bello,
271 3339 342 3412 apud
352 3338 514 3395 Pharsaliam
524 3342 581 3394 acie
594 3343 676 3395 victus
691 3356 738 3397 est.
754 3343 847 3395 Cicero
859 3341 887 3395 iu
901 3342 991 3396 castris
1003 3338 1146 3404 remansit,
1161 3342 1200 3393 vir

171 3425 236 3477 nihil
249 3425 352 3488 minus,
364 3445 446 3497 quam
456 3424 489 3477 ad
501 3420 570 3478 belli
586 3439 678 3490 uatus;
693 3428 869 3499 omnibusque
885 3426 1054 3479 adversarum
1066 3426 1199 3498 partium,

169 3510 215 3580 qui
230 3529 256 3562 se
269 3509 391 3582 potestati
405 3509 510 3563 victoris
524 3511 713 3581 permiserunt,
725 3512 813 3564 Caesar
823 3512 931 3583 ignovit.

134 3682 160 3745 I.
181 3649 357 3747 Inreaea
376 3687 547 3771 temporis,
568 3702 725 3772 occupato
744 3709 802 3773 per
814 3687 899 3749 varia
911 3688 1041 3775 negotia
1052 3688 1196 3766 Caesare,

135 3785 195 3846 Cn.
219 3784 411 3872 Pompeius,
438 3809 540 3872 quum
564 3809 685 3849 annum
711 3786 750 3849 ad
772 3787 973 3874 apparando,
995 3811 1067 3874 quae
1082 3788 1196 3870 vellet,

133 3885 271 3948 liberum
292 3887 475 3967 habuisset,
498 3888 644 3976 ingentes
664 3905 745 3952 terra
763 3891 908 3978 marique
928 3890 1010 3952 vires
1029 3908 1197 3954 contraxe-

133 4003 189 4050 rat.
204 3989 357 4075 Quinque
370 3990 512 4078 legiones
530 4014 604 4053 cum
619 3989 778 4070 adjunctis
795 3990 959 4079 equitibus
979 3993 1143 4071 trajecerat
1155 3991 1196 4055 ab

131 4089 242 4152 initio:
262 4113 359 4153 unam
378 4091 496 4155 deinde
512 4094 661 4156 effecerat
676 4117 715 4156 ex
728 4095 852 4174 Sicilia,
871 4117 944 4181 quae
960 4096 1043 4157 facta
1059 4116 1098 4156 ex
1114 4090 1195 4155 dua·

132 4189 210 4270 bus,
238 4187 379 4254 Gemella
403 4193 600 4274 vocabatur;
628 4210 659 4255 et
685 4217 782 4258 unam
810 4218 849 4258 ex
871 4196 1051 4274 veteranis,
1079 4193 1133 4280 qui
1160 4194 1194 4256 in

131 4294 224 4355 Creta
245 4310 277 4357 et
298 4293 485 4358 Macedonia
508 4296 599 4360 sedes
625 4294 779 4363 fixerant:
801 4297 881 4362 duas
902 4299 933 4360 in
957 4297 1030 4362 Asia
1052 4295 1196 4359 conscri-

131 4393 253 4461 bendas
271 4417 437 4464 curaverat
461 4400 627 4464 Lentulus.
652 4401 807 4467 Praeterea
825 4425 899 4465 cnm
920 4400 1047 4465 duabus
1068 4399 1199 4487 syriacis
