2670 5018
300 767 350 835 IN
381 766 494 834 Loo
521 767 615 833 LlB.
643 767 710 833 XC
738 764 948 834 LIVIANI.
1085 792 1153 863 ²¹7

93 892 223 956 sinebat.
240 890 324 953 Satis
336 889 396 953 diu
409 888 529 952 bellum
541 889 574 952 id
589 903 728 953 tractum
741 886 783 953 ed
791 888 953 953 Mutinam
968 906 1033 974 αις
1049 914 1153 978 quum

92 1009 192 1057 cestra
201 990 473 1080 metrisopposita
483 1007 606 1071 essent,
621 989 733 1054 neeod
743 1012 904 1055 summam
914 991 960 1053 rei
973 993 1156 1079 profectura

92 1094 268 1159 conamina
285 1086 543 1157 consererentur.
553 1093 600 1156 Ea
612 1092 814 1179 resLepido,
830 1094 889 1180 qui
905 1093 1098 1159 eircuruaeto
1111 1097 1157 1159 in·

93 1197 184 1260 terim
200 1218 291 1259 anno
307 1195 503 1281 proconsule
515 1216 551 1258 se
568 1195 717 1283 gerebat,
732 1194 837 1258 otimn
851 1193 1005 1282 prebuit,
1021 1211 1074 1275 ut,
1089 1198 1156 1260 col·

93 1299 180 1361 lectis
195 1320 237 1361 ex
252 1296 396 1384 qualibet
416 1295 587 1359 hominum
604 1298 681 1359 foece
701 1296 804 1382 copiis
816 1296 958 1383 magnis,
975 1294 1017 1359 ad
1035 1295 1157 1360 Urbem

93 1400 256 1480 tenderet,
273 1398 481 1485 assidensque
496 1397 701 1461 consulatum
715 1396 851 1460 alterum
869 1397 1057 1483 postularet.

133 1502 228 1565 xtlt.
246 1499 296 1565 ld
314 1500 431 1563 lamam
446 1499 605 1569 venientis
626 1497 715 1561 haud
737 1521 832 1587 parva
855 1498 889 1561 in
911 1498 1000 1561 Urbe
1015 1497 1156 1586 trepido÷

94 1604 137 1665 tio
161 1602 246 1681 fuit3
269 1618 301 1665 et
323 1602 357 1665 in
378 1616 495 1666 senatu
513 1602 548 1665 L.
565 1599 734 1687 Philippus
753 1600 788 1663 in
810 1599 879 1662 heo
893 1598 991 1663 verba
1007 1600 1154 1663 censuit:

96 1704 256 1790 Quonim
273 1703 406 1791 lepidus
420 1704 594 1766 exereitum
606 1704 730 1789 privato
745 1700 878 1764 consilio
889 1716 1044 1788 porotrem
1051 1748 1061 1781 ,
1085 1724 1157 1765 eum

90 1807 241 1892 pessimo,
259 1819 291 1867 et
304 1806 441 1869 hostibus
455 1803 650 1890 reipublice,
667 1815 779 1867 contro
799 1802 893 1890 qu'm
910 1788 1028 1866 oriltitri
1045 1817 1156 1866 aucto·

95 1908 218 1971 ritatem
243 1906 293 1969 ed
311 1905 423 1969 Urbem
446 1907 535 1968 ducti
547 1952 557 1983 ,
583 1907 632 1967 uti
655 1905 717 1993 Ap.
743 1903 896 1968 chudm
920 1906 1059 1967 interrex
1084 1926 1157 1967 eum

95 2011 132 2093 Q.
144 2007 263 2074 Catulo
276 2005 479 2095 proconsule,
498 2017 531 2068 et
544 2007 679 2082 coeoen's,
697 2005 806 2094 quihus
823 2007 984 2092 inperium
1001 2020 1060 2083 est,
1081 2004 1159 2069 Urbi

88 2108 238 2196 praesidi)
253 2112 330 2186 sint,
345 2128 534 2196 operamque
548 2107 641 2185 deret,
656 2128 696 2169 ne
705 2106 786 2193 quid
795 2103 968 2193 respublica
980 2105 1159 2168 detrimenti

92 2211 207 2297 capiat.
221 2207 285 2272 Sed
299 2224 423 2277 suetum
437 2208 503 2273 cito
514 2206 709 2271 ademerunt
724 2207 854 2269 allutea
870 2206 1025 2293 Pompeio
1041 2206 1155 2285 litere,

93 2309 211 2396 quibus
233 2309 420 2371 confectum
441 2308 583 2387 bellum,
606 2306 743 2370 traditus
762 2329 837 2370 eum
858 2308 1001 2371 exercitu
1017 2309 1155 2383 linitus,

94 2407 339 2472 nuntiabantur.

134 2510 223 2573 xlv.
241 2509 327 2572 Eum
346 2507 539 2594 Pompeius,
554 2529 657 2595 quum
671 2506 771 2589 datis,
788 2509 845 2596 qui
861 2526 1155 2596 prosequerentur,

93 2610 272 2697 equitibus,
288 2609 450 2697 Rhegium
466 2607 584 2672 deduci
597 2608 761 2687 jussisset,
780 2610 888 2674 statim
904 2610 1086 2696 insequenti
1102 2611 1157 2676 die

94 2711 278 2797 penitentia
298 2709 436 2789 ductus,
453 2710 642 2773 Geminium
661 2710 764 2791 misit,
779 2733 798 2774 a
816 2734 884 2797 quo
901 2734 969 2776 non
985 2712 1056 2777 sine
1071 2713 1157 2776 infa-

93 2814 153 2876 ntie
163 2810 307 2900 perfidie
319 2809 582 2897 crudelitatisque
596 2811 796 2898 pompeianae
806 2828 856 2876 est
868 2812 1065 2877 interfectus.
1074 2813 1155 2878 Albe

92 2936 239 3000 quoque,
250 2934 349 2999 quam
359 2910 477 2975 deinde
488 2913 629 2998 Pompeii
639 2934 759 2976 nomen
771 2912 882 2977 tulisse
893 2913 1049 2995 arbitror,
1063 2915 1154 3002 quod

91 3013 182 3077 abeo
199 3029 270 3078 tum
285 3028 472 3078 conseruata
488 3028 587 3093 esset,
608 3029 780 3100 postquam
799 3012 1004 3079 obsidionem
1022 3019 1155 3079 tarnem·

93 3136 156 3201 que
177 3117 262 3179 ferre
284 3114 423 3203 emplius
448 3136 515 3177 non
539 3116 666 3201 potuit,
690 3113 796 3178 dedita
820 3131 886 3194 est;
912 3115 1024 3202 ibique
1046 3117 1154 3204 Scipio

94 3238 168 3279 mnu
181 3216 292 3305 lepidi
310 3216 379 3281 lilio
397 3231 509 3304 eaptus
527 3231 560 3278 et
575 3217 711 3280 occisus.
728 3215 820 3278 Inter
834 3215 920 3295 hmo,
937 3217 1077 3280 comitiis
1098 3240 1154 3304 per

94 3316 285 3405 interregem
301 3318 435 3397 habitis,
453 3317 657 3380 consulatum
677 3317 717 3380 D.
729 3317 847 3380 lunius
864 3318 949 3382 D.F.
959 3319 1004 3382 M.
1012 3320 1054 3382 N.
1072 3322 1153 3383 Bru·

93 3434 164 3497 tus,
188 3417 370 3482 Mamercus
392 3418 543 3483 AEmilius
567 3419 665 3482 Mam.
683 3419 719 3482 F.
730 3419 775 3483 M.
787 3417 827 3482 Ν.
846 3417 987 3506 Lepidus
1003 3419 1154 3483 Livianus

92 3520 248 3584 inierunt.

135 3622 206 3686 XV.
225 3621 409 3702 Mamerco,
433 3623 559 3685 homini
579 3622 755 3702 ditissimo,
780 3643 821 3685 ne
845 3643 906 3684 suo
929 3642 1017 3683 anno
1039 3623 1155 3685 consol

93 3720 198 3802 lieret,
222 3723 451 3809 protermissio
472 3723 631 3789 aedilitatis
655 3723 784 3802 nocuit,
811 3721 902 3808 quod
923 3737 1152 3809 sumptuosum

93 3822 283 3887 muneribus
298 3825 521 3912 magistratum
537 3846 649 3889 amore
665 3824 811 3910 pecuniae
823 3825 960 3887 vitutum
977 3824 1020 3888 ab
1034 3846 1075 3888 eo
1092 3846 1153 3912 po·

93 3923 187 4008 putus
200 3923 381 3990 crediderat
398 3949 406 3990 :
422 3942 491 3990 turn
508 3948 639 4013 quoque
654 3925 780 3990 tulisset
793 3927 971 4012 repulsam,
988 3927 1022 3989 ui
1037 3927 1073 3991 C.
1087 3929 1153 3991 Co·

93 4023 159 4104 rio,
184 4041 223 4087 ut
247 4024 499 4107 adolescentior,
525 4044 557 4090 et
581 4026 694 4115 populi
720 4027 880 4115 suffragiis
903 4028 1048 4116 integer,
1071 4030 1153 4093 oetuti

92 4125 242 4190 llamerei
253 4128 474 4192 concessisset.
487 4130 544 4192 llis
558 4126 694 4209 auditis,
705 4127 864 4217 Lepidus,
879 4151 982 4216 quum
995 4129 1098 4194 hostis
1111 4132 1152 4194 ab

122 4350 224 4415 §ssli-
237 4354 336 4404 Sallust.
346 4356 412 4405 llist.
422 4360 448 4413 Ι,
466 4358 491 4404 in
502 4368 565 4406 oret.
575 4357 692 4424 Philippi.
709 4386 744 4396 -
761 4358 857 4422 §lim
869 4362 937 4411 tto
947 4362 1012 4421 ⁶7⁵3
1028 4363 1097 4412 Μ).
1110 4377 1150 4421 77.

93 4458 124 4469 —-
139 4435 203 4485 Plus.
216 4438 243 4485 io
256 4438 346 4498 nmio,
361 4457 415 4504 esp.
428 4443 453 4489 ⁶.
473 4467 507 4477 -
524 4443 597 4489 Oros.
605 4445 637 4500 V,
652 4459 694 4490 ss.
708 4470 742 4480 -
752 4443 805 4491 Vsl.
821 4446 891 4492 mix.
901 4446 949 4501 Vl,
968 4460 993 4492 a.
1007 4472 1041 4482 -
1055 4446 1108 4496 cie.
1120 4443 1152 4490 sd

96 4518 168 4567 troc.
179 4521 229 4576 lx,
248 4536 288 4580 ¹7·
300 4549 335 4559 -
349 4524 435 4572 lonae.
449 4552 481 4561 -
493 4525 581 4575 Cellas.
589 4528 679 4589 (isogr.
688 4530 749 4577 Ant.
758 4527 802 4576 lib.
812 4530 849 4585 11,
867 4544 921 4592 esp.
932 4543 957 4589 ⁹·
