2670 5018
86 834 1138 856 ἈὶὶἏΜἊἈΜΜΜΜἏΒἈὯΜΜΜΜἈΒΜΜΜΜΜΜΜἈ

225 1040 509 1131 JOANNIS
549 1040 1005 1130 FREINSHEMII

135 1285 1094 1424 SUPPLEMENTORUM

304 1563 915 1689 LIVIANORUM

454 1828 630 1906 LIBER
670 1829 771 1907 LlX

254 2048 299 2100 m
327 2007 480 2102 uocum
504 2047 625 2102 meur
652 2048 757 2103 xciv
785 2049 971 2105 urvrsrtr.

418 2292 806 2325 ...ψῆφος-...η-

431 2530 438 2539 ·
493 2527 734 2594 retroue:
851 2504 858 2523 '

269 2689 398 2747 LIBRI
429 2687 733 2744 NONAGESIMI
761 2691 953 2759 QUARTI.

87 2826 115 2879 L.
131 2825 250 2879 Licinius
266 2819 394 2875 Lucullus
414 2817 508 2871 consul
527 2816 654 2870 udrerrus
669 2817 848 2871 Mithridatem
868 2822 1031 2892 equettnltus
1047 2824 1144 2895 preliis

118 2908 226 2961 feliciter
233 2903 377 2976 pugnavit,
387 2914 413 2955 et
422 2899 598 2974 expeditiones
609 2899 710 2972 aliquot
720 2920 857 2972 prosperus
866 2903 941 2967 fecit,
951 2918 1141 2978 poscentesque

117 3009 233 3062 pugnem
253 2987 348 3039 milites
363 3004 379 3037 a
398 2983 524 3036 seditione
541 2982 664 3035 inhibuit.
683 2984 837 3056 Dejotorus,
856 2985 1034 3058 Gallogrreciae
1048 2999 1141 3041 tetrar-

118 3075 197 3136 ches,
213 3071 351 3145 prosector
370 3066 549 3129 Mithridatio,
569 3066 668 3119 bellum
687 3067 714 3118 in
733 3067 845 3140 Phrygia
865 3084 1015 3132 moventes,
1037 3068 1139 3124 cecidit.

120 3156 245 3209 Pretereu
256 3173 299 3208 res
317 3171 333 3206 a
352 3154 402 3206 Cn.
422 3152 546 3223 Pompeio
564 3149 592 3202 in
609 3150 735 3222 Hispania
754 3163 845 3205 contra
857 3153 1000 3206 Sertorium
1018 3172 1140 3225 prospere

119 3251 205 3311 gestas
217 3238 341 3291 continet.

87 3413 108 3475 Ι.
130 3370 309 3477 lurum
325 3413 361 3475 L.
380 3409 533 3474 Lucullus
549 3409 683 3488 consul,
705 3431 806 3496 quum
828 3408 869 3472 ad
886 3408 1012 3473 hostem
1029 3431 1141 3496 perve-

86 3514 200 3594 nisset,
213 3533 355 3599 eumque
366 3510 567 3575 succinctum
581 3508 678 3573 tantis
690 3508 789 3595 copiis
798 3508 936 3589 videret,
950 3508 1059 3595 prelio
1068 3531 1143 3571 con·

85 3613 172 3700 gredi
185 3611 321 3676 minime
332 3625 440 3675 tutum
452 3626 558 3690 ratus,
571 3610 654 3672 intra
668 3610 867 3673 munimenta
878 3629 912 3672 ee
926 3609 1065 3673 tenebat.
1077 3609 1140 3672 Sed

83 3713 256 3778 lacessente
275 3711 362 3799 apud
384 3711 500 3797 Otryne
521 3709 687 3798 (Phrygiae
705 3710 795 3773 locus
814 3709 881 3795 est)
900 3710 945 3773 M.
954 3709 1067 3786 Vario,
1082 3712 1138 3796 qui

84 3813 186 3878 missis
208 3812 249 3876 ub
270 3810 414 3875 Sertorio
435 3810 537 3898 copiis
557 3826 707 3898 preerat,
729 3809 839 3875 eduxit
859 3832 955 3890 suos,
973 3811 1139 3898 aciemque

83 3911 252 3987 ordinarit.
280 3912 392 3992 Quum
416 3911 448 3973 in
470 3934 509 3974 eo
533 3927 661 3992 essent,
685 3927 721 3974 ut
742 3926 1008 3990 concurreretur,
1026 3912 1138 3977 celum

81 4012 203 4099 absque
220 4010 309 4091 ullo,
328 4011 386 4098 qui
408 4010 617 4076 animadverti
636 4012 798 4100 potuerit,
814 4028 935 4076 conatu
952 4011 1139 4101 diruptum,

81 4111 164 4177 inter
176 4111 259 4177 duas
275 4112 358 4176 acies
373 4111 539 4199 ingentem
559 4110 693 4176 flamme
713 4113 832 4177 molem
856 4113 1006 4195 immisit,
1030 4116 1139 4179 colore

80 4213 222 4303 argenti,
245 4211 351 4277 lorrna
370 4210 449 4276 dolii
471 4213 618 4277 similem.
635 4213 687 4277 Sic
707 4236 747 4278 eo
767 4212 838 4295 die,
859 4214 977 4278 territis
990 4213 1140 4303 prodigio

81 4314 245 4400 utrisque,
260 4335 279 4374 a
293 4311 469 4401 pugnando
488 4327 722 4400 temperatum,
739 4314 956 4401 Lucullusque
975 4313 1015 4377 ad
1032 4316 1137 4400 priora

80 4414 210 4479 consilia
222 4412 364 4478 ducendi
378 4413 451 4478 belli
467 4412 571 4478 rediit.
592 4413 704 4495 Quum
718 4416 805 4479 enim
820 4431 869 4479 tot
883 4415 1054 4478 hominum
1072 4413 1138 4479 mil-

79 4512 117 4576 lia
130 4514 162 4577 in
178 4529 360 4600 conspectu
373 4514 474 4577 hostis
487 4514 588 4595 alere,
606 4537 672 4578 non
692 4515 724 4578 in
743 4515 876 4602 longum
890 4514 980 4578 focile
993 4514 1063 4576 lore
1074 4512 1136 4576 Mi·
