2670 5018
208 768 215 795 ¹
272 769 330 839 IN
361 769 826 840 Loutlutxxxnl
855 773 1065 845 LlVIANl.
1133 770 1198 870 137

131 902 226 971 sunt,
249 911 357 977 quum
374 891 510 955 Romam
529 887 651 955 delatos
667 892 833 980 Tyrannio
854 893 921 957 suis
938 897 1130 961 commentis
1148 920 1201 961 re·
1257 969 1261 988 ι

131 991 256 1080 plevit:
280 991 366 1055 hanc
388 990 507 1058 deinde
528 990 704 1081 editionem
726 993 828 1075 nacti,
846 994 903 1081 qui
920 994 1010 1060 libris
1025 997 1203 1064 vendendis

133 1108 295 1181 quaestum
315 1092 493 1174 faciebant,
507 1093 587 1157 dum
603 1094 638 1156 iu
655 1093 876 1158 conducendis
892 1091 1056 1179 librariis,
1068 1120 1202 1186 compa·

134 1194 311 1282 randisque
334 1217 409 1260 cum
433 1193 606 1281 exemplari
625 1194 867 1285 voluminibus,
883 1195 925 1259 ad
940 1197 1068 1261 lucrum
1083 1199 1202 1287 magis,

136 1319 232 1384 quam
250 1295 293 1359 ad
314 1294 412 1360 fidem
429 1295 625 1384 respiciunt,
644 1295 686 1359 ita
703 1296 909 1384 repleverunt
925 1295 1068 1381 mendis,
1087 1314 1125 1361 ut
1137 1299 1202 1378 jam

136 1413 209 1462 unte
225 1398 315 1461 mille
330 1412 497 1461 sexcentos
513 1419 636 1478 annos,
653 1396 733 1484 quid
748 1398 911 1486 plerisque
925 1399 1004 1464 locis
1020 1400 1061 1466 ab
1077 1400 1203 1464 Aristo·

138 1498 198 1562 tele
214 1514 300 1562 esset
316 1498 494 1586 scriptum,
508 1497 678 1586 disceptari
692 1501 908 1565 consueverit.

178 1600 295 1664 xLVI.
313 1599 377 1664 Sed
391 1600 427 1665 L.
442 1600 530 1665 Sulla
543 1622 646 1687 quum
661 1600 796 1665 Athenis
814 1600 926 1666 dolore
945 1600 1067 1690 pedum
1086 1606 1203 1667 tentari

140 1702 303 1790 coepisset,
325 1700 506 1789 AEdepsum
525 1702 690 1790 profectus
708 1719 776 1784 est,
794 1704 924 1768 Euboeae
947 1703 1125 1793 oppidum,
1145 1705 1206 1769 ubi
1305 1714 1310 1729 ‘

141 1801 312 1866 calidarum
326 1825 485 1891 aquarum
501 1804 663 1893 scaturigo
679 1820 765 1884 erat,
780 1805 870 1892 quod
886 1806 1028 1869 Herculis
1041 1805 1203 1869 lavacrum

140 1904 361 1992 appellabant3
378 1904 621 1993 valetudinique
637 1922 669 1970 et
685 1907 892 1970 oblectationi
910 1930 975 1972 suae
996 1930 1127 1996 operam
1144 1908 1203 1972 de-

141 2003 207 2085 dit,
232 2006 394 2069 Bacchicis
416 2005 593 2072 artificibus
619 2006 777 2073 addictus.
800 2011 927 2073 Interea
953 2010 1106 2074 Lucullus
1129 2026 1205 2098 post

141 2108 373 2194 profectionem
395 2108 490 2172 Sullae
513 2132 552 2172 ex
574 2109 668 2190 Asia,
690 2133 750 2197 pro
770 2132 828 2173 sua
851 2110 1116 2192 mansuetudine,
1132 2128 1205 2175 tum

141 2208 229 2290 alias,
247 2225 409 2296 quantum
430 2226 575 2298 poterat,
600 2211 744 2274 civitates
764 2210 935 2291 allevabat;
954 2228 1024 2273 tum
1043 2211 1204 2299 proecipue

141 2309 328 2398 Mitylenaeis
344 2327 459 2374 auctor
472 2328 559 2393 erat,
576 2329 633 2394 ut,
647 2312 755 2399 agnita
775 2313 886 2398 culpa,
901 2311 1117 2392 mediocrem,
1132 2335 1204 2399 quse

140 2409 286 2499 imposita
302 2429 387 2493 erat,
404 2412 557 2477 mulctam
574 2415 804 2503 persolverent.
818 2414 859 2477 Hi
874 2413 915 2477 ab
931 2414 1025 2477 initio
1045 2413 1147 2500 palam
1163 2412 1204 2476 ad

142 2511 358 2577 Mithridatem
376 2512 592 2595 desciverant,
609 2514 720 2578 Manio
737 2514 880 2601 Aquillio
901 2516 1040 2602 turpiter
1055 2513 1203 2603 prodito,

142 2612 384 2701 diutissimeque
405 2630 590 2679 manserant
608 2615 642 2677 in
662 2614 824 2702 partibus,
843 2637 885 2678 ne
906 2613 1049 2704 digresso
1070 2612 1204 2701 quidem

142 2737 210 2804 rege
224 2714 472 2804 resipiscebant,
487 2716 566 2803 quin
581 2737 616 2779 se
631 2716 773 2779 romanis
786 2716 883 2779 armis
897 2731 1119 2804 opponerent:
1134 2730 1204 2778 tan·

142 2830 189 2879 tus
205 2816 487 2880 stolidissimorum
504 2816 677 2880 hominum
693 2817 818 2880 animos
835 2815 928 2880 furor
944 2830 1167 2902 occupaverat.

181 2917 315 2981 XLVII.
334 2917 438 3006 Igitur
451 2918 622 2999 Lucullus,
636 2918 734 2981 classe
752 2916 898 2999 admota,
916 2940 1018 3005 quum
1030 2914 1203 3004 prohiben-

142 3031 185 3081 tes
205 3018 448 3082 exscensionem
471 3017 651 3106 oppidanos
668 3019 753 3082 intra
774 3019 891 3083 moenia
909 3018 1134 3106 compulisset,
1150 3039 1203 3080 ca·

143 3133 202 3182 stra
222 3134 297 3183 ante
316 3118 433 3183 urbem
450 3120 576 3208 posuit3
594 3119 713 3184 deinde
728 3120 870 3208 quodam
887 3119 959 3202 die,
979 3118 1071 3207 quasi
1089 3117 1204 3205 despe-

141 3237 204 3284 rata
229 3221 490 3309 expugnatione,
516 3221 681 3310 propalam
709 3219 751 3284 de
778 3219 830 3284 die
856 3219 1041 3284 conscensis
1067 3217 1203 3286 navibus

141 3321 246 3386 Eleam
262 3321 404 3403 trajecit3
423 3321 480 3387 sed
498 3345 575 3386 mox
590 3322 651 3386 sub
666 3340 796 3387 noctem
810 3321 934 3386 reflexit
951 3343 1104 3403 cursum,
1118 3336 1151 3385 et
1169 3321 1204 3388 in

141 3423 260 3488 insidiis
280 3423 370 3488 haud
390 3425 504 3512 procul
525 3423 607 3488 urbe
626 3423 782 3488 consedit.
808 3424 1068 3512 Mitylenaeorum
1087 3422 1207 3510 vulgus

141 3526 188 3588 vix
199 3548 218 3588 a
228 3524 495 3615 prudentioribus
507 3524 705 3607 cohibitum,
720 3549 761 3588 ne
778 3526 886 3589 statim
899 3525 933 3586 in
946 3539 1045 3587 castra
1058 3543 1209 3609 prorum*

141 3643 249 3715 peret,
274 3642 447 3716 postquam
471 3627 590 3690 iterum
613 3627 669 3690 lux
695 3627 809 3708 affuit,
833 3648 942 3713 neque
960 3624 1104 3687 hostium
1125 3646 1210 3686 con·.

141 3745 267 3816 spectus
279 3729 451 3816 quisquam
464 3743 529 3809 est,
542 3728 673 3792 retineri
687 3728 826 3815 amplius
839 3749 906 3790 non
917 3739 1113 3812 potueruut,
1124 3724 1207 3810 quin

141 3829 323 3915 promiscua
348 3829 444 3891 turba
473 3828 651 3893 liberorum
676 3850 909 3914 servorumque
934 3841 1128 3889 excurreret.
1154 3826 1209 3899 lbij

141 3947 257 3994 coortae
280 3953 320 3994 ex
345 3930 469 3994 insidiis
497 3932 719 3995 Romanorum
739 3929 858 4015 copiae,
882 3926 1035 3991 adversus
1056 3926 1208 3991 homines
1267 4009 1269 4014 Ι

142 4053 198 4095 nec
208 4033 388 4096 instructos
401 4031 597 4114 militariter,
612 4055 673 4096 nec
686 4030 851 4096 ordinatos
864 4029 954 4118 (non
969 4029 1056 4092 enim
1073 4028 1112 4092 ad
1124 4052 1206 4116 prte-

141 4131 234 4215 lium,
252 4132 311 4197 sed
336 4148 490 4220 tanquam
515 4131 671 4222 direpturi
691 4149 794 4198 castra
809 4129 993 4216 exiverant)
1016 4153 1085 4194 non
1103 4128 1206 4193 dubio

142 4251 240 4300 illane
252 4249 454 4324 pugnarunt.

173 4447 189 4512 5
206 4450 283 4497 m.
303 4449 334 4496 U.
350 4449 381 4496 C.
397 4447 464 4507 668;
483 4449 512 4496 Α.
530 4449 559 4497 C.
576 4450 618 4504 84·
631 4475 665 4486 -
680 4448 802 4498 Plutarch.
815 4451 842 4497 in
856 4448 936 4506 Sulla,
948 4464 1002 4513 esp.
1017 4457 1058 4509 49,
1075 4472 1111 4483 -
1124 4443 1205 4497 strab.

142 4559 152 4567 ·
185 4533 304 4598 §xtvt
320 4531 401 4581 Surb.
410 4531 454 4582 lib.
464 4532 515 4592 lx,
528 4549 554 4598 p.
565 4532 624 4588 425.
637 4559 671 4571 -
685 4531 843 4583 Plutarch-itt
855 4529 1035 4594 tuentem.
1048 4530 1071 4580 8.
