2670 5018
221 757 276 824 nt
305 754 417 823 noc.
444 754 536 821 tta.
564 715 806 823 Lxxxvru
840 757 1049 827 taviani.
1102 759 1168 856 189

99 899 231 965 operam
264 875 423 963 prebuit,
451 873 543 952 cujus
573 875 768 940 cruciatibus
797 876 877 939 nihil
904 877 984 942 vidit
1012 881 1064 943 illa
1093 899 1168 950 aetas

99 978 275 1042 crudelius.

143 1079 269 1143 XXIX.
281 1079 379 1140 Hunc
390 1078 477 1140 enim
492 1076 532 1140 de
545 1076 654 1164 caprili
668 1101 738 1143 casa
751 1095 948 1162 extractum,
963 1083 1051 1168 prius
1061 1083 1166 1149 occidi

100 1181 186 1244 Sulla
195 1180 318 1260 vetuit,
331 1202 429 1265 quam
444 1179 699 1265 exquisitissimis
711 1182 897 1262 tormentis,
912 1181 953 1245 ad
963 1183 1166 1248 Lutatiorum

100 1284 306 1370 sepulcrum,
320 1280 378 1343 ubi
390 1279 541 1344 conditus
557 1280 598 1362 Q
611 1282 744 1345 Catulus
758 1299 849 1369 pater
861 1299 939 1358 erat,
956 1284 1166 1366 laceraretur,

101 1386 175 1472 quia
199 1385 236 1448 L.
254 1386 359 1446 Caesar
379 1380 419 1444 ad
438 1381 525 1443 Varii
549 1381 683 1445 bustum
704 1383 829 1445 occisus
847 1406 864 1445 a
881 1383 1033 1447 Marianis
1051 1387 1168 1450 luerat.

102 1488 223 1573 Raptus
242 1507 320 1571 ergo
340 1505 398 1570 pcr
418 1504 474 1544 ora
491 1482 577 1569 vulgi
599 1484 720 1546 Marius
737 1500 825 1547 trans
841 1484 1003 1565 Tiberim,
1024 1503 1057 1548 et
1070 1486 1169 1575 virgis

102 1585 356 1651 intereundum
382 1605 502 1664 caesus,
531 1585 634 1647 oculis
659 1585 778 1666 erutis,
805 1586 971 1672 perfractis
997 1588 1168 1670 cruribus,

101 1687 275 1775 amputatis
289 1684 457 1764 manibus,
472 1698 598 1747 exsecta
613 1685 741 1773 lingua,
756 1686 910 1749 membris
924 1688 1078 1751 omnibus
1090 1711 1170 1753 con·

104 1789 197 1870 tusis,
214 1787 375 1850 infelicem
390 1786 541 1873 spiritum
553 1807 611 1872 per
620 1807 765 1850 summos
781 1788 942 1852 cruciatus
956 1788 1106 1854 reddidit.
1119 1790 1171 1855 nd

103 1891 164 1954 hoc
175 1907 242 1954 tam
256 1890 398 1951 immane
411 1886 631 1973 spectaculum
643 1910 746 1973 quum
758 1889 841 1952 forte
853 1889 981 1954 adstans
995 1891 1041 1956 M.
1055 1892 1170 1956 Plaeto·

104 1991 168 2053 rius
182 2006 314 2054 senator
325 1987 493 2074 linquente
506 1986 615 2050 animo
625 1987 833 2069 concidisset,
846 1990 932 2054 illico
945 2008 1101 2056 mactatus
1111 2009 1169 2059 est.

144 2092 252 2154 XXX.
266 2088 392 2154 lbidem
409 2089 504 2152 etiam
518 2088 694 2151 Venuleius
710 2089 859 2152 triumvir
872 2091 976 2176 periit.
990 2094 1096 2179 Caput
1111 2117 1169 2156 sua

104 2215 202 2256 manu
213 2191 400 2271 desectum,
413 2190 548 2253 Catilina
563 2212 621 2276 per
631 2190 754 2252 Urbem
767 2188 879 2253 eadem
895 2214 995 2254 manu
1006 2194 1115 2256 retulit
1128 2193 1169 2258 ad

102 2292 243 2356 Sullam:
257 2307 326 2354 erat
338 2292 424 2354 enim
439 2290 629 2378 spectaculis
641 2290 800 2370 ejusmodi
817 2291 898 2354 nihil
912 2292 1006 2356 Sullae
1022 2295 1169 2378 suavius3

103 2411 134 2458 et
145 2394 315 2474 omuium,
332 2393 389 2480 qui
400 2392 523 2479 ubique
540 2408 633 2455 erant
645 2391 762 2473 occisi,
777 2393 880 2479 capita
896 2393 936 2456 ad
951 2395 1041 2459 illum
1054 2396 1167 2478 relata,

103 2519 162 2583 pro
175 2496 302 2559 Rostris
314 2493 598 2581 proponebantur,
615 2493 792 2580 eademque
806 2495 915 2557 omnia
928 2496 1068 2582 pericula
1081 2519 1169 2561 crea·

104 2598 182 2661 bant
197 2595 419 2675 intuentibus,
438 2618 510 2682 quae
526 2595 567 2659 de
590 2595 834 2682 proscriptionis
858 2596 968 2660 tabula
990 2615 1168 2664 memorata

103 2698 267 2763 suntsed
287 2698 456 2761 Catilinam
471 2712 536 2760 tam
555 2719 696 2786 gnatum
713 2719 780 2759 suae
800 2695 997 2761 crudelitatis
1017 2715 1049 2763 et
1070 2698 1170 2762 indu·

103 2802 218 2865 atrium
242 2800 427 2879 satellitem,
453 2797 569 2878 Gallis,
598 2819 739 2887 quorum
760 2798 965 2884 potissimum
990 2799 1169 2888 ministerio

103 2905 135 2967 in
145 2901 332 2968 occidendis
342 2900 531 2964 hominibus
545 2897 715 2978 utebatur,
727 2899 868 2984 praefecit
879 2922 886 2962 :
897 2899 1042 2986 aquibus
1056 2900 1169 2965 M.Vo·

104 3005 264 3084 lumnius,
280 3005 315 3067 L.
328 3001 516 3082 Tantasius,
531 3000 650 3087 aliique
662 2999 801 3062 illustres
813 3000 938 3085 equites
951 3000 1075 3063 romani
1087 3017 1164 3065 sunt

105 3105 273 3184 trucidati3
296 3105 381 3167 inter
403 3126 486 3191 quos
504 3103 544 3183 Q.
557 3101 720 3166 Caecilium
739 3102 858 3164 sororis
882 3124 948 3165 suae
963 3102 1086 3183 virum,
1111 3103 1167 3190 qui

104 3222 193 3271 aetate
207 3223 240 3270 et
253 3205 383 3293 ingenio
394 3205 541 3291 quietus,
554 3218 743 3267 neutrarum
753 3202 893 3289 partium
905 3204 1020 3284 luerat,
1034 3204 1170 3267 Catilina

104 3309 168 3372 suis
185 3307 337 3371 manibus
350 3305 479 3391 occidit.

145 3410 268 3473 XXXI.
284 3408 419 3472 Interim
436 3407 481 3471 Μ.
493 3407 586 3470 lllan'i
599 3424 697 3495 caput
710 3408 871 3471 Praeneste
885 3408 1036 3488 missum,
1052 3406 1166 3471 Caium

103 3510 271 3574 consulem
287 3508 329 3572 ad
349 3509 495 3572 ultimam
512 3508 771 3597 desperationem
788 3509 913 3598 adegit:
931 3531 1005 3572 nam
1020 3508 1076 3595 qui
1092 3530 1168 3572 cum

105 3635 143 3674 co
156 3610 408 3690 obsidebantur,
424 3627 595 3697 postquam
614 3610 751 3673 aliorum
770 3608 890 3673 ducum
907 3607 1106 3673 audivissent
1121 3608 1170 3672 in·

105 3711 254 3791 teritum,
266 3711 404 3774 aliorum
420 3711 481 3799 ipsi
492 3710 648 3776 vidissent
661 3709 787 3799 praelixa
798 3710 897 3774 hastis
909 3711 1029 3796 capita,
1047 3711 1169 3797 perisse

105 3813 260 3877 Carbonis
284 3812 410 3900 copias,
435 3812 555 3899 fugisse
578 3811 787 3889 Norbanum,
808 3810 930 3872 Urbem
952 3810 986 3872 in
1009 3827 1168 3897 potestate

106 3912 200 3976 Sullae
213 3935 283 3977 esse
301 3929 516 4001 cognossent,
535 3911 693 4000 oppidum
709 3911 858 3975 Lucretio
877 3909 1081 3976 dediderunt.
1096 3912 1168 3979 Ma·

110 4015 175 4078 rius
191 4037 250 4102 per
264 4015 471 4093 cuniculum,
489 4014 600 4101 quales
613 4013 774 4078 Praeneste
789 4011 886 4076 tuisse
898 4012 1022 4099 aliquot
1035 4013 1172 4100 antiqui·

137 4186 153 4251 S
165 4189 289 4236 mul.
302 4191 375 4237 Oros.
386 4217 420 4225 -
434 4189 493 4236 uio.
504 4216 539 4224 —
554 4188 676 4236 Ptuurch.
687 4189 713 4233 in
724 4187 798 4234 Sulla.
809 4213 843 4222 -
854 4189 939 4235 Senec.
953 4186 1048 4244 delta,
1061 4189 1114 4246 111,
1127 4189 1167 4235 18.

108 4298 141 4308 -
155 4272 219 4320 Flos.
232 4274 286 4333 ΙΙΙ,
306 4288 348 4321 at.
361 4297 394 4310 -·
410 4271 426 4336 S
440 4274 538 4321 xm.
550 4270 605 4317 vu.
620 4271 688 4318 Max.
709 4298 744 4307 -
761 4272 793 4333 Q.
806 4270 857 4318 Cic.
868 4269 899 4316 de
912 4270 981 4333 petit.
995 4269 1130 4333 Conscsp.
1143 4270 1168 4316 3.

106 4381 137 4391 -
151 4357 203 4403 Liv.
214 4356 281 4418 Epit.
296 4383 331 4393 -
343 4358 414 4404 Oros.
431 4382 467 4392 -
481 4358 566 4403 senec.
582 4380 617 4390 -
630 4354 727 4402 Sallust.
742 4370 781 4418 ap.
792 4354 842 4401 tut.
853 4351 936 4400 Rufio.
946 4363 970 4399 et
983 4354 1071 4401 lucent.
1085 4366 1131 4413 ²93
1145 4363 1170 4400 et

105 4439 130 4484 in
143 4451 220 4488 nostr.
232 4439 363 4500 wdone,
379 4455 434 4505 pag.
455 4454 513 4498 117,
530 4452 598 4501 seqq.
611 4439 655 4486 En.
668 4464 703 4475 -
717 4438 806 4484 Lucan.
819 4437 858 4493 11,
874 4452 897 4482 v.
912 4435 967 4494 17³.
985 4461 1020 4471 -
1030 4434 1130 4482 Pedian.
1144 4435 1171 4481 in

108 4521 167 4585 rog.
179 4520 287 4572 mnata
