2670 5018
146 770 196 844 66
326 775 395 843 JO.
423 770 760 844 FREINSIIEMII
792 770 1033 888 SUPPLutt

147 928 160 953 ι
170 910 327 985 potestate
335 916 471 983 corpora
479 910 594 977 vestra,
607 895 851 983 conjugumque
864 909 896 958 et
909 892 1088 958 liberorum
1100 898 1211 961 erum!

34 1043 37 1049 -
126 1074 128 1078 ι
146 996 284 1087 «Neque
301 997 381 1060 mihi
398 996 468 1060 haec
489 997 655 1085 ignorare,
670 1012 728 1060 aut
741 1010 952 1059 contemnere
966 994 1141 1078 videmIni,
1154 996 1212 1062 sed

146 1129 159 1153 ι
169 1097 265 1162 taedio
279 1097 486 1186 praesentium
502 1095 663 1186 quidlibet
676 1096 791 1161 malle:
809 1095 867 1160 sed
883 1095 949 1161 hoc
962 1097 1053 1184 parvi
1069 1096 1210 1163 infirmi·

140 1186 233 1288 aque
259 1199 358 1262 animi
378 1214 607 1289 argumentum
632 1214 701 1283 est,
723 1219 831 1287 neque
854 1197 939 1263 ferre
960 1198 1115 1282 valentis,
1137 1224 1211 1290 quae

145 1299 305 1382 «adsunt,
325 1322 432 1388 neque
445 1300 594 1365 duraturi
610 1299 716 1380 iniis,
733 1322 806 1387 quae
824 1298 965 1389 elegerit

190 1400 312 1467 XVIII.
335 1401 487 1483 «Quibus
510 1417 621 1466 autem
641 1402 725 1466 forte
746 1399 913 1466 decretum
938 1416 988 1465 est
1013 1401 1125 1466 omnia
1149 1425 1211 1493 pro

145 1504 270 1592 «patria
282 1503 366 1591 pati,
380 1523 441 1591 pro
455 1502 516 1568 hac
531 1524 609 1590 opes
625 1502 839 1590 fortunasque
854 1524 945 1582 suas,
960 1523 1021 1590 pro
1038 1498 1100 1567 hac
1115 1504 1210 1592 spiri·

141 1622 235 1670 «tam
248 1620 345 1692 atque
358 1604 456 1668 vitam
477 1603 693 1692 profundere,
718 1604 837 1669 rectius
860 1624 963 1691 quum
978 1600 1021 1666 ad
1034 1603 1208 1670 utilitatem

143 1707 393 1795 «praesentium,
412 1721 484 1768 tum
499 1703 542 1769 ad
559 1703 678 1785 binam
691 1704 886 1792 posteritatis
901 1703 1037 1787 sacient,
1053 1705 1081 1770 si
1097 1707 1207 1795 potius

143 1809 200 1871 «in
217 1806 337 1870 tuenda
351 1806 477 1871 civitate
493 1805 625 1894 dignam
640 1804 717 1870 viris
736 1819 875 1869 mortem
890 1805 1025 1888 obeant,
1043 1822 1143 1894 quam
1161 1807 1206 1889 si,

144 1907 292 1972 «deserta
307 1906 504 1994 traditaque,
520 1922 735 1996 tyrannorum
751 1904 885 1970 arbitrio
900 1921 959 1970 aut
970 1928 1048 1971 cum
1060 1910 1208 1974 cmciatu

141 2010 342 2092 «intereunt,
365 2023 422 2072 aut
446 2030 521 2072 cum
543 2006 722 2096 ignominia
741 2007 861 2073 vivant.
885 2005 1002 2096 Magna
1024 2008 1072 2072 vis
1093 2008 1206 2073 estad

142 2108 313 2173 «audenda
335 2109 504 2196 quaelibet,
521 2108 617 2183 etiam
641 2108 776 2198 singulis
795 2124 829 2171 et
848 2108 1043 2197 contemptis
1059 2109 1205 2175 bomini·

142 2211 245 2292 «bus,
262 2211 288 2274 si
313 2211 412 2275 semel
431 2210 640 2299 cupiditatem
664 2209 840 2288 abjecerint
852 2208 946 2272 vitae:
964 2210 1086 2274 multos
1106 2226 1205 2299 atque

142 2310 309 2401 «egregios
324 2312 429 2393 viros,
445 2311 565 2399 quibus
582 2333 620 2374 ea
635 2310 717 2374 ratio
732 2309 906 2397 placuerit,
918 2330 960 2374 ne
975 2308 1134 2375 destinata
1148 2334 1206 2377 ex·

143 2442 156 2468 ιι
167 2428 361 2499 sequantur,
377 2412 431 2475 vix
448 2412 514 2475 ulla
526 2411 671 2500 potentia
688 2411 763 2474 satis
782 2426 898 2475 arceat.

186 2514 277 2576 XIX.
296 2513 444 2578 «Omitto
463 2513 635 2594 Scoevolas,
657 2526 689 2575 et
712 2509 867 2591 Coclites,
885 2524 919 2574 et
941 2511 1090 2594 Curtios,
1106 2527 1141 2576 et
1156 2527 1208 2577 tot

141 2612 282 2676 «decora
303 2613 452 2693 nomina,
478 2634 550 2700 quae
569 2612 678 2677 liberis
698 2611 811 2675 restris
833 2610 995 2675 inculcare
1017 2612 1144 2695 soletis,
1167 2631 1208 2678 ut

142 2712 283 2775 «horum
311 2713 457 2800 exemplo
483 2735 591 2777 amare
615 2713 750 2802 patriam
777 2708 901 2775 discant
925 2735 933 2776 :
960 2713 1207 2780 meminerimus

141 2834 296 2892 ueorum,
316 2836 388 2900 qnae
405 2812 545 2877 vidimus
562 2813 643 2903 ipsi,
664 2813 780 2877 multas
800 2834 883 2901 saepe
903 2814 1018 2895 urbes,
1035 2837 1140 2903 quum
1164 2817 1208 2881 ad

142 2930 346 2977 «extremum
370 2915 567 2979 necessitatis
589 2916 770 2995 venissent,
792 2916 971 2979 constantia
993 2915 1207 2982 defensorum

143 3031 321 3096 «servatam
345 3015 437 3092 alias,
453 3038 556 3104 quum
580 3017 697 3081 serrari
714 3015 913 3104 potuissent,
931 3016 1067 3082 mollitIe
1084 3019 1207 3084 civium

141 3115 303 3198 «deditas,
318 3118 499 3182 tristissima
514 3139 653 3206 quaeque
669 3139 776 3205 passas
792 3139 871 3182 esse.
884 3116 968 3181 Sunt
984 3118 1079 3182 nobis
1097 3118 1209 3184 adbuc

141 3249 154 3272 ι
164 3218 303 3282 militum
317 3218 567 3282 fortissimorum
580 3215 904 3308 fidelissimorumque
912 3216 1003 3282 haud
1014 3220 1208 3307 spernendae

141 3319 284 3406 «copiae;
305 3334 354 3382 est
375 3319 488 3383 melior
506 3319 592 3399 baec,
617 3334 650 3381 et
666 3319 826 3383 amantior
845 3318 955 3407 patrias
977 3341 1050 3407 pars
1069 3322 1208 3409 populi,

141 3442 267 3502 «arma,
285 3420 505 3508 machinaque
523 3432 716 3505 supersunt;
729 3420 816 3484 Urbs
829 3417 996 3508 diligentia
1012 3421 1207 3500 consulum,

140 3519 272 3608 «quoad
288 3520 356 3584 fieri
374 3520 501 3609 potuit,
520 3517 646 3582 munita
662 3534 720 3583 est.

187 3623 262 3686 XX.
281 3622 362 3685 «llis
386 3622 484 3685 rebus
505 3641 574 3683 non
599 3618 766 3709 desperem
785 3619 910 3684 tamdiu
930 3621 1036 3684 resisti
1053 3620 1209 3687 hostibus

142 3744 277 3810 «posse,
301 3723 406 3787 donec
422 3722 556 3786 fortuna
577 3721 697 3812 aperiat
715 3721 839 3785 meliori
857 3720 927 3808 spei
945 3721 1064 3786 locum.
1082 3721 1208 3809 ldulta,

142 3844 269 3908 «quum
291 3821 456 3911 desperata
478 3844 539 3911 pro
562 3820 792 3887 insanabilibus
814 3836 938 3902 essent,
961 3819 1071 3886 subito
1094 3824 1209 3914 aliquo

135 3950 155 3978 ι
164 3944 241 3986 casu
258 3923 513 3988 commodiorem
537 3924 572 3987 In
594 3938 714 3988 statum
729 3921 861 3987 reducta
878 3934 965 3984 sunt.
984 3921 1103 4008 Aliqua
1120 3923 1210 3991 inter

142 4022 264 4088 «duces
277 4025 423 4088 factionis
436 4025 553 4090 oborta
565 4023 722 4113 auspicio,
737 4045 787 4087 res
798 4018 884 4110 apud
894 4041 1011 4107 pravos
1025 4037 1059 4085 et
1068 4027 1209 4092 aemulos

142 4125 309 4214 «vulgata,
328 4124 468 4192 mutabit
484 4126 614 4190 omitia:
629 4125 736 4213 ipsum
750 4122 845 4189 Urbis
859 4121 1041 4210 periculum
1055 4125 1209 4195 invitabit

130 4227 301 4311 ··mulr0s‚
320 4244 358 4292 ut
376 4227 540 4307 mIser'eri,
558 4242 593 4291 et
615 4235 804 4289 succurrere
819 4221 921 4285 velint
938 4244 946 4287 :
965 4238 998 4286 et
1014 4241 1096 4290 suut
1112 4250 1208 4317 egre·

140 4330 212 4417 «gia
228 4352 332 4416 quum
348 4330 400 4394 alii
416 4328 547 4419 populi,
563 4331 634 4391 ‘tum
649 4326 706 4414 'qui
717 4323 912 4413 Cisalpinam
924 4323 1059 4388 Galliam
1074 4326 1206 4410 colunt,

139 4429 195 4491 «in
213 4452 281 4493 rem
296 4448 469 4515 romanam·
478 4426 561 4512 Iide3
575 4438 789 4514 summusque
803 4439 916 4489 noster
933 4425 1044 4513 pudor
1057 4426 1161 4510 soret,
1179 4432 1206 4494 si
