2670 5018
15 59 179 94 ...moure
197 42 357 116 proditur.

0 133 73 195 ulla
89 133 285 195 Aristionem
305 132 426 217 templo
447 148 625 193 extractum
643 155 720 192 vorm

20 259 27 311 3
51 250 181 295 caetcros
207 234 273 310 ojus
298 235 463 312 satcllitcS,
482 236 577 318 quivi·
601 236 725 321 magistr

0 353 93 414 ratu,
114 336 210 420 quive
228 336 341 421 quovis
360 336 459 398 modo
475 336 536 397 sibi
551 352 608 398 aut
622 337 730 423 popul

0 438 147 517 versati,
165 437 199 499 in
215 438 420 501 Ceramicum
435 438 622 518 conclusos,
637 453 723 502 sorte

14 538 55 604 ad
75 540 209 629 capitale
232 539 428 627 supplicium
453 540 574 605 eduxi&
594 541 739 606 Pecunia

9 639 93 706 enda
104 641 153 705 ris
165 655 271 732 egesta
283 640 515 730 :quadraginta
532 641 670 705 maxime
686 664 742 730 por

6 743 142 834 rgenti,
162 757 291 830 reperta
310 744 410 807 fuisse
433 759 667 808 memorantur.
684 745 747 808 Cart

0 860 174 933 ccupatur
189 844 293 925 Sulla,
311 844 346 908 L.
354 844 472 908 Valerii
492 845 596 909 Flacci
612 844 752 909 adventu

8 969 41 1009 m
55 947 180 1034 petenti
196 963 399 1028 occurreret,
420 947 454 1009 in
471 946 667 1011 Thessaliam
691 969 756 1011 mot

8 1048 132 1111 mentio
155 1048 260 1136 cogit,
285 1062 324 1109 ut
346 1045 387 1111 ad
408 1047 533 1111 urbana
552 1049 682 1138 negotia
709 1070 761 1137 ex}

24 1249 121 1312 onsul
135 1249 254 1331 Cinna,
269 1253 306 1314 C.
317 1251 422 1314 Mario
439 1249 561 1340 collega
573 1266 723 1332 mortuo,
737 1250 769 1314 in

7 1374 63 1415 um
81 1349 267 1415 adsciverat.
279 1352 378 1415 Domi
392 1351 538 1439 forisque
552 1351 634 1416 nihil
646 1352 770 1416 incooc

29 1452 237 1518 mediocriter
259 1453 429 1517 turbatum
450 1468 528 1517 erat.
545 1455 643 1517 Arma
662 1454 728 1534 jam
751 1453 770 1517 it

7 1579 16 1636 3
37 1554 94 1618 sed
113 1571 224 1619 moesta
246 1555 357 1619 omnia
376 1570 608 1642 suspectaque,
630 1555 729 1619 tantis
750 1576 770 1619 u

2 1658 195 1745 iorumque
217 1656 339 1739 musis,
363 1672 396 1720 ct
413 1656 528 1720 animis
550 1671 583 1721 et
605 1656 708 1721 oculis
724 1656 770 1721 ho

5 1776 51 1824 nt.
66 1744 157 1824 Inter
169 1760 230 1824 alia
242 1783 308 1824 non
324 1759 438 1823 leviter
452 1759 588 1823 civitatis
602 1758 770 1824 concordia

1 1861 55 1926 ris
72 1862 185 1944 alieni,
202 1879 235 1927 et
250 1861 404 1926 labefacta
422 1859 501 1925 fides
519 1875 737 1926 concusserat
753 1862 770 1927 I

1 1986 60 2027 um
72 1963 219 2046 afferret,
236 1963 456 2052 turpissimam
472 1964 577 2054 legem
593 1965 628 2028 L.
639 1962 770 2028 Flaccus

0 2065 126 2131 drante
150 2063 367 2130 creditoribus
390 2066 471 2129 solvi
493 2067 605 2148 jusso,
629 2081 667 2129 ut
682 2065 749 2147 jam

16 2191 34 2233 e
47 2167 198 2257 publicus
212 2183 345 2232 auctor.
359 2189 426 2228 nnn
444 2167 582 2214 ivm-⁰³·
