2670 5018
265 733 324 800 IN
358 730 474 797 LOC.
502 728 593 795 LIB.
622 729 788 794 LXXXI
818 729 1022 799 LIVIANI.
1125 729 1171 825 95

154 852 223 916 Lll.
241 849 389 913 Tandem
408 863 542 937 urgente
556 847 659 926 Sulla,
677 846 819 933 ipsisque
833 847 987 912 militibus
1002 873 1058 937 per
1075 850 1172 934 iram,
1219 880 1223 889 ·

111 970 143 1016 et
162 953 256 1039 quia,
274 966 459 1040 expugnato
477 949 615 1028 Piraeo,
634 962 745 1009 caetera
766 947 840 1009 belli
860 946 999 1013 faciliora
1017 952 1085 1014 fore
1102 976 1172 1017 cre·

111 1052 250 1132 debant,
270 1075 369 1139 supra
385 1049 482 1114 fidem
503 1049 718 1112 humanarum
735 1047 852 1110 virium
871 1049 1029 1129 connisis,
1051 1055 1172 1117 Arche-

113 1154 180 1217 laus
199 1153 233 1214 in
250 1151 399 1240 opposita
414 1172 550 1238 quaeque
564 1150 728 1213 ruentium
743 1149 854 1212 insana
868 1150 1042 1236 pervicacia
1056 1153 1172 1237 victus,

111 1254 207 1317 cessit
224 1253 317 1331 looo;
333 1275 433 1340 seque
449 1252 484 1313 in
498 1250 707 1338 Munychiam
724 1265 755 1312 et
771 1248 993 1313 circumfluam
1009 1253 1105 1318 undis
1124 1257 1175 1319 Pi·

114 1354 184 1417 raeei
199 1354 368 1442 regionem
382 1353 513 1440 recepit.
528 1352 692 1431 Victores,
705 1349 843 1413 aedificiis
854 1351 1014 1438 plerisque
1025 1354 1175 1419 incendio

114 1478 150 1518 ac
163 1455 258 1518 ruina
273 1452 401 1534 deletis,
418 1455 452 1516 in
467 1453 586 1541 quibus
597 1469 629 1515 et
643 1452 763 1515 navalia
774 1453 922 1532 fuerunt,
937 1469 970 1515 et
979 1455 1174 1518 celebratum

116 1557 260 1620 Philonis
281 1556 579 1636 armamentarium,
600 1570 686 1618 tanta
710 1570 776 1616 arte
795 1553 974 1617 distributis
992 1557 1117 1642 spatiis,
1139 1576 1172 1620 ut

116 1658 200 1721 mille
222 1659 353 1720 navium
373 1658 626 1720 instrumentum
646 1673 792 1743 caperet,
811 1656 894 1718 ultra
912 1678 978 1719 non
996 1674 1174 1743 potuerunt

115 1757 283 1846 progredi,
302 1758 393 1845 quod
409 1780 514 1845 neque
532 1758 663 1820 classem
682 1756 855 1836 haberent,
873 1780 978 1843 neque
999 1759 1067 1821 sine
1085 1761 1175 1823 navi-

113 1857 174 1919 bus
188 1858 280 1944 sequi
297 1858 491 1921 Archelaum
503 1874 644 1945 possent.
658 1858 760 1947 Igitur
775 1859 893 1920 omisso
906 1856 1174 1948 illo,'relictisquc

114 1956 237 2021 idoneis
258 1957 433 2045 praesidiis,
450 1960 484 2022 L.
497 1958 583 2023 Sulla
600 1982 674 2021 cum
697 1959 817 2038 majore
838 1974 927 2045 parte
946 1961 1120 2043 exercitus,
1142 1980 1175 2026 et

113 2081 292 2145 graecorum
315 2060 514 2145 populorum
536 2060 680 2136 auxiliis,
706 2076 742 2121 ut
759 2060 899 2122 venienti
923 2083 1009 2123 novo
1032 2063 1174 2127 hostium

113 2160 266 2222 exercitui
287 2176 492 2241 occurreret,
509 2162 541 2223 in
557 2162 711 2224 Boeotiam
728 2160 906 2224 contendit.

144 2345 224 2408 §tu
240 2350 275 2395 II.
289 2350 319 2395 C.
331 2347 399 2403 6663
413 2348 442 2395 Α.
453 2349 480 2397 C.
494 2349 534 2396 86.
549 2376 579 2383 —
592 2349 696 2412 Appian.
713 2376 743 2383 -
761 2347 881 2397 I’lutnrcb.
892 2376 922 2386 ·-
936 2350 1064 2403 enavit,
1079 2353 1120 2408 37.
