2670 5018
322 785 377 853 IN
409 786 518 853 LOC.
547 788 639 853 Llll.
667 786 769 855 CXV
801 787 1013 858 LIVIANI.
1128 791 1195 862 285

137 903 342 991 petebantur.
362 904 531 967 Postremo
554 905 766 969 circummissi
786 905 846 968 alia
865 923 955 992 parte
978 907 1114 992 milites,
1140 934 1196 976 ex·

137 1004 306 1068 scensione
320 1005 419 1086 facta,
432 1029 451 1068 a
465 1021 556 1094 tergo
572 1006 855 1071 circumvenerunt
872 1006 1017 1089 hostem,
1036 1027 1067 1074 et
1083 1014 1197 1079 occisis

137 1105 322 1186 nonnullis,
347 1105 425 1168 alios
445 1105 624 1192 propellere
645 1130 757 1189 naves,
777 1121 809 1170 et
828 1107 861 1170 in
881 1130 980 1195 aquas
1000 1132 1034 1172 se
1053 1113 1196 1200 recipere

138 1220 324 1294 coegerunt.
340 1207 390 1269 Ibi
406 1206 491 1269 inter
508 1206 576 1270 duo
588 1209 725 1272 maxima
741 1208 925 1272 discrimina
941 1208 1148 1297 deprehensi,
1164 1231 1198 1278 et

138 1323 247 1371 utrum
273 1309 373 1396 magis
399 1309 537 1372 vitarent
561 1309 699 1391 incerti,
726 1310 805 1373 dum
831 1333 936 1397 neque
961 1313 1063 1375 altum
1088 1329 1196 1399 petere

138 1427 225 1473 metu
239 1410 406 1474 hostilium
424 1411 554 1472 navium
570 1409 709 1491 audent,
723 1427 756 1475 et
768 1426 851 1475 terra
864 1410 904 1473 ab
921 1411 1070 1498 expositis
1085 1413 1197 1500 prohi-

128 1510 275 1594 bentur,
294 1512 332 1576 ad
354 1535 443 1575 oram
461 1512 666 1593 oberrantes,
682 1514 838 1602 utrinque
854 1513 1116 1579 vulnerabantur.

120 1639 123 1643 ·
179 1613 304 1677 XXlll.
330 1613 382 1676 Sic
402 1614 491 1676 velut
511 1611 662 1704 indagine
679 1613 873 1702 deprehensi
888 1631 967 1679 sunt
982 1638 1112 1697 omnes,
1133 1617 1195 1680 nisi

138 1736 219 1800 quos
234 1736 323 1777 mors
336 1713 424 1776 obita
433 1715 520 1777 ferro
530 1715 701 1802 eripuerat.
712 1716 836 1800 Duces,
854 1716 956 1795 ejecto
969 1717 1002 1781 in
1015 1734 1132 1782 terram
1144 1741 1196 1782 na·

136 1814 239 1903 vigio,
254 1815 439 1900 speluncam
456 1815 633 1903 ingressos,
648 1818 731 1882 male
745 1834 896 1882 texerunt
908 1819 1048 1883 latebrae.
1063 1822 1194 1885 Postera

136 1914 187 1980 die
218 1938 321 2003 quum
352 1931 563 2003 caperentur,
590 1919 785 2005 Dionysius,
814 1936 932 2006 epoto,
965 1918 1055 2007 quod
1083 1944 1194 1985 secum

137 2015 291 2098 habebat,
311 2038 455 2097 veneno,
474 2019 581 2081 statim
599 2020 798 2099 exanimatus
819 2035 877 2083 est.
894 2020 1110 2084 Alexandrum
1130 2023 1195 2087 Lu-

137 2115 238 2179 cullus
250 2114 291 2180 ad
306 2117 509 2203 triumphum
527 2121 643 2182 servari
657 2120 769 2184 voluit.
785 2120 953 2200 L.Varius,
977 2122 1051 2209 quia
1068 2138 1195 2188 senato·

137 2240 203 2282 rem
221 2241 392 2282 romanum
406 2220 439 2281 in
456 2221 622 2307 triumpho
639 2220 714 2285 duci
731 2224 778 2285 fas
797 2244 864 2284 non
882 2239 963 2301 erat,
984 2238 1059 2310 post
1075 2240 1194 2288 contu-

137 2320 244 2384 melias
265 2336 298 2384 et
315 2319 454 2384 ludibria
480 2321 637 2408 supplicio
656 2322 791 2386 affectus
808 2337 864 2387 est.
881 2321 981 2405 Quod
997 2345 1039 2386 ne
1062 2323 1195 2387 faciliori

137 2420 217 2485 forte
238 2422 327 2485 exitu
349 2436 583 2501 anteverteret,
606 2422 760 2485 Lucullus
779 2423 860 2504 suis,
882 2444 924 2486 ne
946 2444 1042 2508 quem
1065 2423 1193 2486 luscum

136 2522 318 2587 occiderent
346 2522 477 2610 (captus
501 2522 587 2584 enim
612 2523 712 2585 altero
737 2523 832 2586 oculo
861 2537 929 2585 erat
952 2521 1087 2607 Varius)
1111 2546 1193 2611 prae·

135 2642 269 2713 ceperat.

175 2725 296 2789 XXIV.
314 2724 410 2788 Multi
427 2725 525 2788 etalii
540 2725 795 2813 proscriptorum
809 2740 889 2788 tunc
905 2725 1090 2812 interempti
1105 2742 1192 2791 sunt.

136 2826 212 2890 Dua
224 2843 258 2890 et
273 2826 405 2914 triginta
418 2849 514 2890 naves
530 2827 643 2915 regiae,
658 2848 733 2889 cum
747 2825 901 2888 onerariis
913 2825 1138 2913 compluribus
1152 2848 1192 2890 eo

136 2942 278 3016 tempore
295 2926 447 2991 demersae
465 2943 521 2990 aut
535 2944 635 3014 captae
654 2927 796 2990 fuerunt.
814 2927 890 2989 Haec
905 2949 923 2988 a
938 2927 1074 2990 Lucullo
1091 2926 1131 2991 ad
1143 2949 1193 2992 se·

137 3045 245 3093 natum
260 3029 436 3117 perscripta
448 3051 598 3116 magnam
611 3029 645 3090 in
658 3028 746 3091 Urbe
761 3027 899 3089 laetitiam
914 3028 1113 3110 excitarunt,
1129 3051 1193 3092 ma·

135 3129 216 3193 xime
226 3145 400 3218 postquam
412 3146 460 3194 est
472 3129 657 3218 cognitum,
671 3128 801 3191 classem
813 3126 975 3207 hostium,
987 3150 1059 3214 quae
1070 3127 1192 3216 duplici

135 3231 241 3318 praelio
257 3229 360 3294 deleta
379 3246 434 3293 aut
451 3247 542 3318 capta
560 3233 684 3309 lucrat,
705 3229 766 3292 sub
783 3228 944 3292 acerrimis
969 3227 1106 3292 ducibus
1125 3231 1191 3294 Ita-

135 3329 205 3394 liam
225 3346 336 3418 petere
351 3330 501 3394 voluisse.
519 3330 576 3394 His
597 3329 767 3410 confectis,
786 3328 940 3391 Lucullus
962 3328 1003 3390 ad
1026 3329 1192 3415 expellen·
1208 3408 1216 3417 a

134 3430 209 3496 dum
231 3433 381 3521 Bithynia
404 3454 512 3520 regem
537 3430 754 3518 properabat:
778 3428 868 3491 hunc
888 3427 975 3490 enim
999 3426 1150 3494 credebat
1171 3455 1190 3494 a

134 3533 279 3598 Voconio
305 3534 453 3610 attineri,
482 3534 587 3621 legato
608 3554 688 3612 suo,
713 3552 811 3617 quem
837 3552 872 3592 ea
895 3529 995 3617 gratia
1016 3529 1191 3617 imperator

134 3634 336 3720 praemiserat.
354 3633 416 3698 Sed
433 3634 485 3696 ille
500 3632 728 3695 Samothracen
746 3631 927 3718 profectus,
945 3629 1023 3693 dum
1041 3634 1191 3720 supersti-

134 3735 275 3799 tionibus
291 3734 346 3799 dat
359 3757 507 3822 operam,
525 3732 657 3820 diesque
668 3731 861 3796 caerimoniis
880 3745 912 3793 et
925 3730 1083 3795 initiando
1099 3735 1189 3817 terit,

133 3836 310 3901 Mithridati
329 3837 508 3924 praebuerat
522 3832 698 3921 effugiendi
715 3832 862 3919 copiam3
880 3831 936 3917 qui
951 3831 978 3893 si
993 3830 1026 3892 in
1043 3847 1190 3921 ternpore

130 3938 296 4017 affuisset,
320 3939 428 4001 clauso
453 3936 546 3998 maris
570 3935 658 3998 exitu
681 3934 749 4021 capi
770 3931 971 3996 Mithridates
993 3931 1189 4000 Nicomediae

130 4040 297 4124 potuisset.
921 4022 938 4053 Χ

173 4140 276 4203 XXV.
287 4141 369 4203 Nam
380 4162 397 4201 a
409 4155 492 4201 terra
500 4137 584 4199 binis
595 4136 705 4200 castris
715 4133 934 4215 obsidebatur,
943 4134 1019 4222 quia
1027 4135 1071 4200 M.
1081 4138 1188 4220 Cotta,

131 4256 167 4304 ut
178 4255 349 4329 acceptum
361 4239 401 4303 ad
413 4237 652 4303 Chalcedonam
669 4236 809 4300 dedecus
825 4233 984 4315 aboleret,
1001 4235 1075 4299 satis
1091 4237 1187 4324 impi-

162 4448 282 4513 §1th
302 4449 423 4497 Plutarch.
439 4474 472 4484 --
491 4446 616 4511 §nna
630 4447 757 4505 Orosvl,
776 4461 800 4492 a.
814 4471 848 4481 -
867 4443 918 4493 Cic.
934 4457 980 4509 pro
999 4442 1073 4490 Arcb.
1090 4459 1144 4507 cap.
1158 4457 1189 4504 9;

128 4550 175 4599 pro
188 4537 311 4592 Murena,
321 4549 374 4598 esp.
386 4533 424 4593 15,
433 4545 457 4581 et
470 4548 515 4596 pro
526 4531 579 4595 lege
589 4529 674 4580 Manil.
684 4545 736 4594 cap.
749 4530 773 4577 8.
786 4553 820 4564 -
829 4525 937 4590 Appiae.
949 4551 985 4562 -
996 4522 1117 4574 Plutarch.
