2670 5018
292 784 346 855 IN
375 786 490 855 LOC.
520 788 612 855 LIB.
640 788 728 856 CIV
759 787 971 856 LIVIANI.
1098 784 1165 859 525
1260 797 1263 803 ’

104 923 190 971 tatus
208 923 277 989 est,
296 924 333 971 ut
356 930 454 994 quam
476 908 666 972 maturrime
687 905 916 989 contenderet,
938 928 999 970 suo
1020 921 1168 997 tempore

103 1030 239 1090 usurus,
257 1011 283 1073 si
302 1010 434 1097 quidem
452 1032 527 1074 vera
544 1011 695 1075 mulieres
711 1009 873 1090 dicerent3
891 1023 949 1072 aut
965 1009 1077 1073 saltem
1093 1009 1167 1074 faci·

102 1111 165 1174 lius
181 1110 399 1175 debellaturus
416 1110 611 1199 impeditum
628 1111 785 1200 religione
803 1111 948 1192 hostem,
966 1125 999 1175 et
1015 1109 1055 1175 de
1070 1111 1167 1176 ricto·
1257 1105 1260 1110 ⁸

102 1211 149 1274 ria
166 1209 334 1299 desperare
350 1212 486 1291 jussum.

146 1310 298 1377 XXXVI.
322 1315 426 1402 igitur
448 1314 514 1377 acie
532 1314 706 1393 instructa,
725 1334 829 1401 quum
847 1311 889 1377 ad
904 1327 1005 1376 eastra
1020 1312 1165 1377 hostium

102 1413 307 1494 succederet,
318 1414 431 1477 irritati
444 1413 622 1503 ignominia
635 1414 789 1479 Germani
802 1428 1030 1502 processerunt
1043 1431 1076 1478 et
1087 1415 1165 1503 ipsi,

103 1516 290 1578 nationatim
303 1513 484 1579 distributis
497 1516 607 1604 copiis.
624 1517 742 1580 Prteter
757 1517 899 1597 Suevos,
913 1539 952 1579 ex
965 1516 1085 1604 quibus
1097 1517 1166 1604 ipse

102 1634 189 1698 erat,
205 1617 455 1681 Marcomannos
470 1618 504 1679 in
521 1616 665 1680 exercitu
677 1617 855 1680 Ariovistus
869 1616 1027 1698 habebat,
1045 1632 1078 1680 et
1091 1616 1165 1680 Tri·

101 1718 220 1782 hoccos
238 1733 270 1782 et
280 1718 717 1806 Vangiones,Nemetasque,
734 1740 771 1781 ac
782 1716 929 1782 Harudes
945 1735 977 1781 et
993 1717 1163 1801 Sedusios,

102 1818 294 1907 ignobiliora
315 1817 447 1905 reliquis
465 1819 619 1899 nomina,
638 1835 670 1882 et
689 1818 743 1881 vix
761 1834 922 1883 certarum
942 1817 1087 1903 sedium,
1104 1818 1166 1884 nisi

101 1918 191 2006 quod
214 1918 362 1984 Harudes
383 1918 425 1982 ad
450 1920 556 1983 lacum
580 1920 779 2001 Acronium,
799 1920 919 2008 quibus
938 1921 1016 1984 locis
1034 1920 1166 1985 condita

101 2020 290 2083 Constantia
309 2036 376 2100 est,
392 2019 552 2084 habitasse
567 2035 704 2108 putant3
721 2020 894 2102 Sedusios,
910 2039 967 2084 aut
982 2037 1020 2084 ut
1031 2022 1093 2111 legi
1109 2044 1177 2113 ro·¹

102 2122 189 2203 lunt,
205 2121 373 2210 Sepusios,
390 2121 431 2185 ad
448 2120 527 2186 fines
543 2123 719 2187 Nemetum
735 2123 769 2186 in
786 2123 854 2211 ripa
872 2122 988 2186 Rheni.
1007 2124 1128 2204 Caesar,
1146 2145 1167 2187 a

101 2223 213 2287 dextro
230 2246 355 2305 cornu,
375 2223 464 2311 quod
484 2224 529 2286 ibi
554 2224 797 2288 imbecilliorem
820 2246 889 2288 esse
910 2224 1038 2288 hostem
1055 2245 1165 2289 sense·

101 2339 166 2404 rat,
182 2325 353 2388 commissa
369 2348 496 2415 pugna,
514 2341 602 2390 tanta
627 2326 867 2391 Germanorum
888 2326 1047 2390 alacritate
1072 2346 1165 2391 exce·

100 2441 174 2513 ptus
188 2442 255 2509 est,
268 2442 305 2490 ut
318 2428 457 2514 spatium
470 2428 534 2515 pila
547 2427 582 2491 in
592 2428 702 2492 hostes
719 2426 911 2509 conjiciendi
927 2426 1082 2491 militibus
1096 2450 1165 2492 non

100 2527 240 2591 daretur.

142 2632 310 2695 XXXVII.
334 2630 475 2711 Abjectis
495 2630 585 2719 pilis,
607 2652 657 2695 res
678 2630 834 2695 acerrime
851 2629 957 2719 gladio
973 2630 1113 2719 geritur3
1132 2646 1166 2697 et

99 2754 223 2818 quum,
250 2733 409 2823 phalange
436 2733 540 2815 saeta,
567 2732 721 2796 Germani
746 2732 909 2796 testudine
938 2755 972 2795 se
998 2748 1164 2821 tegerent,

99 2834 193 2898 multi
209 2836 431 2900 Romanorum
449 2856 548 2924 super
563 2834 631 2923 ipsa
650 2851 741 2899 scuta
760 2835 931 2915 salierunt,
949 2834 1166 2923 manibusque

99 2958 135 2999 ea
152 2938 354 3019 revellentes,
381 2938 521 3026 desuper
542 2937 725 3001 intulerunt
746 2938 890 3002 vulnera.
909 2937 1044 3000 Interim
1062 2937 1104 3000 ab
1120 2937 1165 3001 al-

99 3054 168 3100 tero
181 3059 284 3101 cornu
294 3041 459 3103 Romanus
471 3039 663 3128 urgebatur3
679 3062 776 3126 quant
791 3054 861 3102 tum
878 3059 946 3102 rem
958 3038 1164 3125 conspicatus

99 3138 135 3200 P.
155 3140 304 3220 Crassus,
323 3142 380 3226 qui
396 3139 554 3226 equitatui
571 3154 724 3227 preerat,
746 3139 874 3203 tertiam
894 3137 996 3201 aciem
1017 3136 1164 3202 subsidio

99 3236 206 3300 misit:
222 3237 291 3301 haec
305 3260 355 3302 res
370 3239 498 3326 plenam
516 3240 671 3303 Romanis
689 3239 857 3303 victoriam
874 3237 975 3302 dedit.
1001 3238 1163 3302 Ariovisto

98 3359 173 3400 cum
195 3338 358 3426 equitibus
375 3339 529 3402 Rhenum
543 3360 654 3403 versus
668 3339 833 3427 lugente,
851 3335 993 3425 pedites,
1010 3337 1068 3424 qui
1082 3358 1162 3400 con·

99 3438 190 3525 sequi
216 3460 283 3501 non
308 3453 475 3526 poterant,
501 3437 641 3503 densatis
664 3438 848 3528 agminibus
874 3437 1073 3502 restiterunt.
1096 3438 1162 3501 Eos

99 3560 201 3625 quum
216 3541 286 3603 sine
299 3560 417 3628 magno
427 3538 536 3602 labore
546 3560 583 3602 ae
591 3540 736 3627 periculo
751 3539 890 3603 militum
899 3536 977 3602 cedi
987 3560 1054 3601 non
1068 3558 1163 3628 posse
1255 3582 1258 3587 -

98 3642 201 3705 Cesar
217 3641 360 3723 videret,
380 3641 485 3705 emitti
503 3638 617 3722 jussit,
635 3656 723 3704 ratus
741 3642 910 3721 futurum,
927 3638 1018 3726 quod
1036 3638 1161 3723 evenit,

98 3758 136 3804 ut
150 3743 183 3805 in
203 3746 278 3833 fuga
298 3743 398 3831 sparsi
421 3742 545 3806 facilius
565 3741 838 3830 opprimerentur.
857 3741 1055 3821 Ariovistus,
1071 3741 1162 3805 novi·
1253 3739 1260 3749 “

99 3841 204 3906 culam
220 3843 260 3907 ad
278 3843 382 3931 ripam
406 3842 576 3933 deligatam
600 3857 732 3923 nactus,
756 3841 933 3905 transmisit
952 3864 1100 3907 amnem:
1118 3842 1161 3907 si-

98 3944 165 4006 mili
189 3945 313 4009 ratione
335 3961 392 4009 aut
414 3944 524 4008 nando
544 3962 672 4007 evasere
692 3943 863 4032 perpauci3
880 3960 1013 4008 ooeteros
1034 3944 1161 4008 romani

98 4045 222 4132 equites
238 4047 432 4133 consequuti
448 4045 692 4110 interemerunt.

142 4147 326 4213 XXXVIII.
348 4147 398 4210 Ne
413 4146 588 4211 mulierum
609 4144 742 4234 quidem
763 4144 1001 4235 infantiumque
1016 4145 1159 4212 caedibus

132 4371 148 4436 S
164 4374 273 4421 XXXV.
286 4373 343 4420 Dio.
358 4398 393 4409 -
407 4372 469 4422 Cres
483 4396 518 4407 -
529 4368 639 4418 Frontis.
649 4369 688 4427 11,
705 4383 728 4426 1,
744 4367 784 4414 16.
800 4392 835 4402 -
849 4363 926 4414 clem.
938 4365 1027 4413 Suom.
1038 4364 1082 4412 lib.
1093 4366 1113 4414 1.
1126 4390 1161 4401 -

99 4453 161 4502 Plut.
171 4455 230 4520 -5
245 4457 366 4504 XXXVI.
375 4455 452 4504 Ortel.
461 4453 578 4503 Ihmnr.
590 4462 616 4502 et
628 4450 716 4502 cellar.
726 4450 816 4515 Geogr.
827 4447 914 4512 Antiq.
923 4449 961 4503 11,
976 4448 999 4495 ⁵.
1010 4473 1045 4485 -
1056 4448 1118 4497 cn.
1126 4472 1162 4484 —

97 4536 113 4600 S
125 4539 260 4588 XXXVII.
271 4538 328 4587 Ilio.
342 4566 372 4575 -
385 4540 449 4589 Flor.
458 4566 493 4576 -
507 4537 637 4596 Otossl,
649 4552 673 4598 q.
685 4562 720 4573 -—
731 4533 840 4582 Frontin.
850 4532 924 4591 11‚·o.
