2670 5018
603 70 701 134 quam
715 48 819 134 spatio
835 47 983 135 indigens
1001 47 1042 109 ad
1057 48 1159 135 persei

647 148 685 212 V.
709 149 785 211 Erat
810 164 918 211 autem
941 148 1150 211 intercalandi

601 265 748 313 veterum
759 272 868 312 errore
881 250 912 311 in
925 273 1011 312 anno
1023 250 1166 312 constitu

602 372 643 413 ex
664 349 842 413 ambitione
863 365 920 414 aut
939 350 1119 439 ignorantia
1139 373 1168 413 sa

602 451 698 515 missa
711 474 789 515 cura
804 451 927 532 fuerat,
948 451 1101 515 mirabilis
1117 473 1170 513 cor

601 572 733 615 cursum
756 551 924 616 institutus
940 575 959 615 a
974 553 1081 617 Numa
1102 551 1173 615 Pon

601 654 710 741 patuit
731 654 857 743 legibus
876 654 1019 718 universi
1035 654 1125 717 hunc
1139 674 1176 717 or

600 770 796 843 tutumque,
808 772 865 837 ut,
878 755 998 842 quibus
1012 754 1179 818 mensibus

600 877 704 920 annos
722 854 811 920 haud
834 855 992 943 plurimos
1012 855 1123 918 messis
1138 876 1182 917 esi

599 956 642 1021 ad
668 958 805 1021 solarem
830 979 954 1020 annum
982 954 1135 1036 deerant,
1159 956 1184 1017 ir

598 1058 753 1145 oportuit

642 1160 700 1223 vt.
724 1161 800 1223 Haec
817 1160 949 1224 insertio
966 1159 1165 1223 intercalatio
1186 1186 1191 1223 ε

600 1282 684 1325 nova
699 1260 775 1323 luna
792 1260 957 1347 pontifex,
975 1262 1093 1335 colata,
1113 1261 1194 1324 hoc«

596 1361 712 1452 plebe,
726 1376 808 1449 quot
825 1384 964 1425 numero
985 1360 1054 1425 dies
1072 1361 1113 1425 ud
1127 1383 1196 1425 non

600 1462 689 1529 unde
707 1464 804 1532 etiam
829 1462 918 1543 dies,
943 1463 998 1549 qni
1023 1463 1147 1549 primus
1170 1486 1199 1526 co

596 1586 671 1629 men
688 1564 842 1628 retinuit:
860 1580 892 1629 et
906 1565 1060 1651 quoniam
1079 1564 1200 1627 aliorun

595 1688 710 1748 nonae,
727 1664 864 1731 aliorum
882 1665 1084 1752 septimanae3
1100 1664 1200 1728 calubi

595 1784 634 1832 ut
649 1790 710 1855 pro
727 1767 852 1831 ratione
869 1767 1005 1846 mensis,
1022 1781 1097 1846 aut,
1120 1764 1185 1829 dies

595 1868 675 1932 valla
682 1916 693 1949 ‚
708 1885 781 1951 aut,
795 1879 907 1956 septem
918 1868 985 1931 dies
997 1880 1028 1931 te
1039 1866 1200 1931 caiolum

593 1970 754 2034 Ceterum
777 1993 844 2033 non
864 1969 998 2057 singulis
1015 1969 1127 2048 annis,
1150 1966 1200 2031 sed

592 2069 794 2133 intercalari:
812 2092 913 2157 eaque
935 2070 1005 2156 ipsa
1028 2091 1079 2132 res
1099 2067 1200 2155 quoni

593 2190 669 2232 nem
691 2170 810 2233 omissa
833 2187 919 2251 erot3
949 2192 1185 2257 nonnunquam

591 2286 687 2358 patu,
716 2294 818 2358 quum
847 2272 1095 2361 publicanorum
1129 2270 1200 2332 cuni
