2670 5018
256 739 308 806 ΙΝ
341 739 451 807 LOC.
477 740 568 806 LIB.
598 741 718 808 xetv
750 740 957 808 LlVl-ANI.
1065 743 1135 838 aliq

126 861 166 924 X.
187 859 317 947 Quippe
338 859 488 946 Cyziceni
508 859 542 920 in
563 858 759 945 cognomine
781 859 885 923 insula
904 860 944 923 ad
961 861 1134 951 Proponti-

83 960 156 1023 dem
176 958 345 1039 colebant,
362 974 395 1021 et
416 958 634 1033 Mithridates,
659 958 758 1033 milite
781 958 966 1042 abundans,
989 961 1135 1029 decerna

83 1078 165 1126 terra
179 1062 291 1125 eastris
307 1061 464 1148 oppidum
480 1058 657 1141 assidebat;
675 1075 710 1124 et
727 1059 769 1123 ad
788 1063 925 1142 fretum,
940 1085 1006 1148 quo
1022 1086 1040 1127 a
1055 1089 1134 1128 con·

84 1163 196 1227 tinenti
214 1161 393 1241 dirimitur,
414 1176 554 1248 utroque
574 1161 671 1224 latere
690 1182 785 1224 naves
809 1160 1058 1252 quadringentas
1079 1165 1135 1229 ad-

83 1280 242 1344 moverat3
267 1278 301 1325 et
320 1261 467 1342 Barbari,
490 1284 623 1324 romana
648 1276 751 1325 castra
772 1261 874 1349 digito
896 1280 1133 1345 monstrantes,

83 1362 228 1427 obsessos
243 1361 389 1426 horribili
402 1360 570 1425 mendacio
586 1361 766 1443 terrebant,
783 1364 1011 1427 Armeniorum
1027 1366 1137 1430 Medo·
1225 1430 1234 1450 ,

83 1489 220 1554 rumque
235 1466 346 1533 missas
359 1465 524 1552 aTigrane
541 1466 649 1552 copias
666 1465 711 1528 ihi
729 1464 928 1549 consedisse,
943 1464 1134 1533 dictitantes.

83 1567 154 1631 Non
167 1583 274 1631 tamen
288 1565 532 1654 desponderunt
542 1565 707 1646 animum,
720 1587 906 1653 quanquam
920 1588 1046 1631 summa
1058 1591 1136 1631 con·

28 1722 32 1735 .
83 1669 226 1733 tentione
246 1668 464 1754 omnibusque
479 1666 600 1730 viribus
623 1683 913 1755 oppugnarentur:
929 1668 1050 1732 etenim
1071 1670 1135 1732 Mi-

83 1769 248 1851 thridates,
260 1783 353 1856 capto
366 1766 541 1847 suburbio,
556 1767 678 1830 navalia
688 1766 814 1854 duplici
826 1790 920 1831 muro
935 1767 1136 1855 obsepserat;

82 1871 257 1958 etreliqua
280 1869 361 1933 urbe
385 1868 636 1947 circumvallata,
660 1890 793 1956 magnos
817 1868 972 1932 excitabat
992 1892 1136 1958 aggeres,

81 1972 202 2061 aliaque
218 1993 316 2058 opera
334 1969 435 2033 multa
450 1967 593 2033 studiose
608 1967 760 2050 faciebat,
776 1985 880 2033 turres
896 1985 930 2033 et
943 1971 1137 2054 testudines,

81 2092 112 2139 et
128 2076 287 2163 insignem
301 2090 376 2137 ante
392 2072 468 2136 alias
486 2071 685 2151 machinam,
700 2086 831 2134 centum
847 2070 1031 2134 cubitorum
1050 2056 1147 2136 hele-⁰

82 2178 185 2263 polin,
203 2198 222 2240 e
237 2199 301 2263 qua
314 2175 395 2238 turis
408 2174 467 2237 alia
486 2170 676 2251 tollebatur,
688 2171 856 2258 catapultis
874 2171 1045 2252 instructa,
1062 2195 1134 2260 quae

81 2278 218 2341 telorum
242 2292 275 2340 et
292 2273 435 2362 lapidum
459 2293 716 2360 quaquaversum
735 2273 823 2335 velut
845 2271 983 2335 imbrem
1005 2295 1134 2361 sparge·

82 2392 168 2456 rent,
185 2374 353 2441 Niconidae
365 2373 506 2437 Thessali
524 2395 618 2458 opus.

122 2479 179 2542 xl.
198 2476 249 2541 Ad
266 2492 378 2563 portus
395 2498 493 2562 porro
512 2471 584 2536 duae
604 2471 854 2558 quinqueremes
873 2473 957 2535 inter
974 2472 1012 2536 'se
1032 2473 1133 2539 firmi-

80 2593 126 2641 ter
141 2576 298 2642 devinctae
314 2575 407 2639 aliam
428 2573 543 2637 turrim
561 2572 779 2651 sustinebant,
800 2571 843 2635 ita
861 2573 1059 2657 fabricatam,
1082 2594 1133 2659 ut,

81 2679 135 2743 ubi
150 2701 247 2743 muro
260 2677 390 2758 admota
403 2690 502 2756 esset,
515 2696 598 2764 pons
611 2695 649 2736 ex
661 2696 697 2737 ea
711 2672 836 2737 demitti
846 2674 955 2738 subito
969 2676 1002 2739 in
1017 2680 1133 2742 nroenia

80 2796 195 2866 posset.
208 2780 267 2844 llis
281 2778 433 2842 omnibus
448 2776 580 2864 paratis,
596 2791 769 2863 antequam
784 2775 848 2839 vim
864 2792 1019 2859 tentaret,
1035 2781 1133 2868 capti-

80 2901 134 2947 vos
154 2881 389 2968 Cyzicenorum
410 2900 523 2941 omnes
546 2878 579 2940 in
599 2894 809 2966 conspectum
825 2900 960 2942 suorum
980 2879 1134 2962 adduxit,

80 3002 226 3067 metans,
239 2980 369 3045 illorum
382 2981 512 3042 caritate
525 2978 736 3065 lacrymisque
748 2979 870 3043 moveri
881 2978 923 3043 ad
935 2979 1133 3047 deditionem

80 3078 256 3167 oppidanos
273 3101 376 3167 posse.
393 3076 457 3142 Sed
476 3078 546 3141 illos
562 3078 665 3142 multa
681 3079 900 3166 nequidquam
922 3080 1134 3166 obtestantes,

80 3179 262 3245 Pisistratus
282 3180 514 3268 Cyzicenorum
532 3195 651 3266 praetor
673 3179 834 3244 abstinere
857 3180 938 3244 nihil
956 3183 1134 3268 profuturis

80 3280 228 3369 precibus
237 3280 351 3360 jussit3
370 3295 419 3360 et,
437 3295 609 3368 postquam
623 3278 723 3343 semel
735 3279 769 3341 in
788 3295 977 3366 potestatem
990 3282 1132 3348 hostium

80 3381 256 3460 venissent,
275 3380 401 3444 fortiter
415 3379 498 3443 ferre
512 3380 733 3445 calamitatem.

121 3482 195 3547 ΧΠ.
212 3483 264 3546 Sic
280 3482 411 3570 exploso
432 3496 617 3544 commento
632 3481 733 3569 regis,
756 3479 798 3544 ad
819 3479 933 3543 seriam
955 3480 1134 3547 dimicatio·

81 3603 153 3647 nem
168 3598 320 3660 ventum,
339 3581 415 3667 quia
428 3603 596 3668 progressa
611 3581 645 3643 in
659 3581 794 3646 navibus
808 3581 921 3662 turris,
940 3597 1040 3669 ponte
1055 3606 1134 3648 moe·

81 3683 175 3749 nibus
192 3682 329 3764 injecto,
350 3700 490 3770 quatuor
507 3699 647 3749 armatos
663 3684 764 3748 muris
783 3684 991 3771 imposuerat.
1010 3684 1049 3750 ld
1063 3708 1135 3774 spe·

80 3784 240 3848 'cuculum
257 3783 301 3848 ita
318 3783 537 3871 perterrefecit
553 3783 718 3864 obsessos,
736 3800 772 3847 ut
788 3785 814 3847 si
833 3784 990 3850 continuo
1005 3789 1134 3875 sequuti

80 3885 185 3970 plures
200 3885 355 3965 luissent,
374 3885 407 3946 in
426 3906 543 3972 magno
562 3884 706 3971 periculo
722 3906 772 3948 res
788 3883 936 3972 cyzicena
950 3886 1057 3954 luerit.
1070 3888 1135 3955 Sed

81 3984 159 4049 dum
177 3985 275 4049 etiam
293 3985 328 4048 in
350 3983 432 4048 turri
452 3983 645 4070 trepidatur,
666 4001 940 4073 propugnatores,
964 3993 1135 4081 resumptis

80 4087 209 4168 animis,
226 4103 366 4174 quatuor
384 4086 457 4151 illos
476 4084 675 4168 detrudunt3
696 4108 872 4174 naresques
887 4089 957 4177 pice
973 4094 1134 4179 perfusas,

80 4204 110 4251 et
135 4188 202 4278 igni
224 4188 395 4275 appetitas,
419 4187 565 4250 inhibere
586 4203 673 4251 retro
691 4204 826 4277 cogunt,
852 4205 937 4253 etse
959 4191 1135 4257 discrimini

111 4393 173 4460 31.
188 4393 268 4442 strab.
283 4420 316 4430 -
332 4393 439 4457 Appiam
456 4421 487 4430 -
502 4392 624 4441 Plutarch.
637 4421 669 4430 —
685 4393 759 4458 §XL
776 4399 857 4444 Fiunt.
870 4399 940 4443 Str-at.
955 4399 1134 4456 1t',5,21.-

81 4479 184 4542 Appiam
