2670 5018
44 13 1274 391 u

150 757 193 829 32
323 759 389 825 Jo.
418 756 758 827 rnumsurnn
789 757 1037 851 suessan.

192 877 329 942 XXVII.
346 878 536 941 Postremus
550 876 605 941 hic
617 875 789 942 adversum
805 876 953 943 Rhodios
973 896 1108 947 conatus
1129 883 1212 972 regis

147 980 220 1045 fuit.
239 981 372 1044 Frustra
385 978 516 1042 videbat
531 1000 663 1066 operam
679 981 854 1069 copiasque
871 994 904 1043 et
919 995 1046 1068 tempus
1063 980 1155 1069 perdi
1171 983 1213 1048 ad

148 1081 363 1151 firmissimam
374 1080 506 1161 urbem,
519 1103 592 1168 quae
606 1096 762 1169 portuum
775 1103 1013 1169 murorumque
1025 1084 1213 1148 munimen·

150 1187 205 1267 tis,
222 1185 377 1272 omnique
388 1198 544 1271 apparatu
553 1206 665 1272 parem
679 1206 719 1247 eo
732 1200 879 1271 tempore
891 1205 959 1248 non
974 1183 1131 1266 habebat;
1148 1202 1182 1249 et
1193 1209 1213 1249 a

147 1286 348 1374 peritissimis
358 1287 405 1349 rei
420 1285 555 1349 nauticae
567 1285 774 1367 hominibus,
790 1301 888 1373 atque
899 1285 986 1349 inter
1000 1308 1069 1350 sese
1086 1287 1212 1378 legibus

145 1388 277 1475 optimis
296 1387 422 1478 egregie
448 1387 629 1466 conjunctis
649 1386 894 1452 defendebatur.
918 1386 971 1452 Ad
994 1388 1109 1455 Patara
1134 1389 1212 1454 hinc

146 1490 264 1556 ductus
281 1507 330 1556 est
341 1491 518 1572 exercitus,
536 1490 593 1554 ubi
608 1491 725 1553 iterum
742 1489 873 1577 iniquos
883 1506 1035 1577 expertus
1051 1507 1116 1573 est,
1127 1515 1211 1579 quos

144 1594 320 1670 vocabant,
336 1593 426 1658 deos.
448 1593 560 1676 Quum
577 1591 681 1674 enim,
706 1591 782 1679 quia
800 1590 957 1654 machinis
976 1591 1210 1657 exaedificandis

146 1696 278 1760 materia
293 1694 422 1776 deerat,
438 1695 548 1757 lucum
565 1694 695 1758 Latonae
708 1691 852 1757 dicatum
867 1692 1034 1757 succidere
1048 1694 1209 1781 coepisset,

145 1797 262 1861 minaci
281 1796 410 1860 somnio
428 1794 559 1858 territus
577 1793 711 1859 destitit.

190 1898 343 1963 XXVIII.
351 1897 452 1978 Sunt,
464 1896 521 1983 qui
532 1896 644 1961 lucum
655 1895 826 1959 Furiarum
842 1893 964 1960 succidi
980 1913 1121 1984 coeptum
1133 1901 1211 1963 scri-

144 1999 241 2080 bant,
255 1997 312 2063 sed
325 1999 451 2087 ingenti
467 1998 553 2078 risu,
572 1997 665 2076 cujus
680 2012 795 2061 auctor
810 2019 878 2060 non
897 1997 1084 2087 apparebat,
1102 1999 1211 2064 deter-

144 2102 242 2181 ritos,
257 2101 314 2188 qui
325 2100 360 2162 in
371 2121 468 2188 opere
479 2114 588 2163 erant:
600 2097 677 2162 inde
691 2120 795 2186 quum
807 2099 987 2186 haruspicis
996 2100 1091 2180 jussu
1102 2102 1210 2168 Furiis

144 2203 303 2292 virginem
320 2200 523 2281 Mithridates
539 2202 739 2282 immolaret,
754 2223 772 2264 e
778 2200 893 2291 jugulo
913 2203 1027 2290 puelloe
1040 2203 1141 2267 risum
1156 2228 1209 2268 or·

145 2322 227 2368 tum.
252 2305 373 2393 Igitur,
396 2302 550 2391 Pelopida
573 2303 694 2390 lycium
718 2302 839 2366 bellum
860 2300 1086 2368 administrare
1099 2305 1208 2386 jusso,

144 2406 324 2495 principem
337 2406 518 2469 amicorum
532 2403 727 2468 Archelaum
738 2426 813 2467 cum
824 2405 948 2491 magnis
961 2405 1063 2492 copiis
1073 2407 1106 2468 in
1120 2406 1209 2470 Grae·

144 2511 226 2573 ciam
249 2508 355 2571 misit:
375 2507 443 2594 ipse
463 2507 658 2594 Pergamum
683 2505 836 2570 secedens
859 2504 1037 2569 delectibus
1057 2508 1208 2596 agendis,

143 2609 359 2699 parandisque
382 2607 497 2687 armis,
515 2622 547 2669 et
566 2607 696 2670 interim
714 2607 867 2670 Monimae
889 2607 1055 2671 amoribus
1077 2632 1209 2697 operam
1265 2678 1273 2693 Χ

144 2711 263 2774 dabat:
280 2708 376 2771 simul
402 2707 619 2796 cognoscebat
643 2729 754 2771 causas
780 2708 984 2772 asiaticarum
1009 2711 1208 2799 principum,

143 2834 286 2901 quorum
311 2809 431 2897 petitus
457 2808 582 2872 insidiis
605 2807 790 2890 dicebatur,
808 2809 905 2896 quive
922 2831 973 2872 res
998 2832 1134 2887 novare,
1153 2828 1209 2877 aut

142 2914 280 2977 omnino
299 2912 453 2974 Romanis
470 2909 601 2975 studere
619 2910 848 3000 arguebantur.

187 3015 310 3078 XXIX.
327 3013 417 3075 Inter
425 3013 512 3094 haec,
522 3013 608 3077 Sulla
617 3012 726 3077 adhuc
735 3013 769 3075 in
780 3013 868 3076 Italia
876 3013 1012 3077 faciente
1022 3032 1207 3102 apparatus,

141 3119 304 3205 variisque
320 3113 559 3202 impedimentis
572 3130 718 3195 retento,
733 3116 793 3179 Cn.
804 3114 975 3195 Octavius,
988 3116 1022 3178 L.
1037 3117 1208 3180 Cornelius

141 3222 245 3282 Cinna
262 3217 467 3282 consulatum
483 3216 638 3280 inierunt.
655 3215 777 3297 Cinna,
792 3215 868 3278 lieet
880 3215 1001 3279 ultimis
1016 3218 1209 3280 exsecratio·

141 3321 257 3400 nibus,
270 3319 350 3382 nihil
365 3334 478 3381 contra
492 3317 587 3381 Sullae
599 3316 758 3398 rationes,
772 3332 806 3381 ct
821 3315 1001 3380 ordinatam
1016 3316 1057 3380 ab
1070 3340 1111 3381 eo
1122 3342 1208 3382 rem·

141 3423 320 3511 publicam,
335 3401 497 3484 iacturum
516 3440 550 3482 se
572 3417 803 3500 adstrinxerat,
822 3416 919 3481 fidem
939 3417 1020 3482 adeo
1043 3442 1110 3482 non
1129 3443 1210 3508 prae-

139 3524 237 3603 stitit,
254 3538 292 3586 ut
313 3521 396 3584 nihil
412 3520 513 3609 magis
531 3520 666 3583 haberet
689 3519 799 3600 cordi,
816 3543 913 3608 quam
931 3521 1208 3608 quemadmodum

142 3625 264 3689 Sullam
294 3623 447 3687 citissime
472 3644 512 3685 ex
537 3622 627 3685 Italia
654 3622 881 3705 submoveret,
909 3645 950 3687 ne
976 3625 1115 3688 consiliis
1143 3627 1208 3688 suis

96 3751 98 3754 ’
141 3725 377 3815 impedimento
402 3739 495 3788 esset.
519 3722 647 3788 Deinde
673 3722 713 3787 ad
737 3722 862 3787 diversa
887 3725 1019 3788 consilia
1040 3723 1208 3804 detrusus,

143 3828 325 3905 cunctanti,
344 3841 377 3889 et
392 3825 516 3913 reliqua
531 3825 621 3911 prius
639 3847 678 3889 ex
694 3848 757 3889 usu
776 3848 838 3889 suo
856 3846 1052 3912 componere
1071 3827 1207 3905 volenti,

141 3928 380 3994 accusationem
393 3927 526 4007 struxit3
543 3924 696 4013 diemque
705 3925 874 3990 dicendam
884 3925 1007 3990 curavit
1016 3947 1072 4012 per
1083 3925 1210 3989 M.Ver·

142 4031 266 4120 ginium
284 4027 453 4091 tribunum
472 4028 583 4114 plebis.

187 4132 294 4196 XXX.
321 4130 368 4194 Ea
392 4130 522 4193 fuerant
547 4144 702 4217 erantque
727 4147 887 4218 tempora,
904 4144 942 4191 ut
966 4127 1075 4193 deesse
1099 4132 1208 4193 crimi-

179 4367 195 4431 S
208 4367 316 4414 XXVII.
326 4364 402 4412 Strab.
413 4362 455 4409 lib.
464 4363 534 4419 xlv,
544 4379 569 4428 p.
578 4363 638 4411 652.
649 4389 683 4399 -
694 4363 802 4426 Appian.
811 4387 845 4397 —
858 4361 874 4427 S
887 4362 1008 4409 xxvm.
1018 4361 1068 4409 tut.
1077 4359 1166 4422 Obseq.
1174 4386 1208 4397 -·

143 4451 252 4516 Appiae.
265 4477 299 4487 —
316 4445 439 4497 Plutarch.
449 4446 475 4494 in
484 4446 565 4508 Sulla,
579 4464 633 4512 cap.
644 4463 658 4494 a
668 4460 686 4494 t.
698 4473 732 4482 -
744 4445 761 4511 S
775 4446 873 4496 xxlx.
883 4447 915 4493 U.
926 4444 954 4493 C.
966 4445 1031 4504 665;
1042 4448 1073 4492 A.
1085 4447 1112 4495 C.
1124 4445 1165 4503 87·
1174 4469 1208 4480 -

143 4534 265 4584 Plutarch.
277 4560 309 4569 -
322 4532 371 4578 Dio
381 4530 447 4595 apud
457 4530 538 4578 Vales.
