<?xml version="1.0" encoding="UTF-8"?>
<!DOCTYPE html PUBLIC "-//W3C//DTD XHTML 1.0 Transitional//EN"
    "http://www.w3.org/TR/xhtml1/DTD/xhtml1-transitional.dtd">
<html xmlns="http://www.w3.org/1999/xhtml" xml:lang="en" lang="en">
 <head>
  <title>
</title>
<meta http-equiv="Content-Type" content="text/html;charset=utf-8" />
  <meta name='ocr-system' content='tesseract 3.04.00' />
  <meta name='ocr-capabilities' content='ocr_page ocr_carea ocr_par ocr_line ocrx_word'/>
</head>
<body>
  <div class='ocr_page' id='page_1' title='image "./titusliviuspata01freigoog_0212.png"; bbox 0 0 2670 5018; ppageno 0'>
   <div class='ocr_carea' id='block_1_1' title="bbox 216 729 1151 801">
    <p class='ocr_par' dir='ltr' id='par_1_1' title="bbox 216 729 1151 801">
     <span class='ocr_line' id='line_1_1' title="bbox 216 729 1151 801; baseline 0.004 -4"><span class='ocrx_word' id='word_1_1' title='bbox 216 731 272 800; x_wconf 85' lang='lat' dir='ltr'><strong>IN</strong></span> <span class='ocrx_word' id='word_1_2' title='bbox 306 730 420 798; x_wconf 80' lang='lat' dir='ltr'><strong>Loc.</strong></span> <span class='ocrx_word' id='word_1_3' title='bbox 447 729 541 797; x_wconf 90' lang='lat' dir='ltr'>LIB.</span> <span class='ocrx_word' id='word_1_4' title='bbox 568 729 772 796; x_wconf 84' lang='lat' dir='ltr'>LXXXIX</span> <span class='ocrx_word' id='word_1_5' title='bbox 803 730 1014 801; x_wconf 81' lang='lat' dir='ltr'>LIVIANI.</span> <span class='ocrx_word' id='word_1_6' title='bbox 1082 730 1151 801; x_wconf 76' lang='lat'><strong>203</strong></span> 
     </span>
    </p>
   </div>
   <div class='ocr_carea' id='block_1_2' title="bbox 70 839 1255 4189">
    <p class='ocr_par' dir='ltr' id='par_1_2' title="bbox 70 839 1160 2158">
     <span class='ocr_line' id='line_1_2' title="bbox 124 839 1151 939; baseline 0.002 -25"><span class='ocrx_word' id='word_1_7' title='bbox 124 850 234 915; x_wconf 92' lang='lat' dir='ltr'>XXll.</span> <span class='ocrx_word' id='word_1_8' title='bbox 259 851 309 913; x_wconf 86' lang='lat' dir='ltr'><strong>lta</strong></span> <span class='ocrx_word' id='word_1_9' title='bbox 331 871 470 938; x_wconf 80' lang='lat' dir='ltr'><strong>regnum</strong></span> <span class='ocrx_word' id='word_1_10' title='bbox 494 845 656 912; x_wconf 84' lang='lat' dir='ltr'><strong>Numidiae</strong></span> <span class='ocrx_word' id='word_1_11' title='bbox 677 846 718 910; x_wconf 87' lang='lat' dir='ltr'><strong>ab</strong></span> <span class='ocrx_word' id='word_1_12' title='bbox 742 845 853 912; x_wconf 86' lang='lat' dir='ltr'><strong>Hierta</strong></span> <span class='ocrx_word' id='word_1_13' title='bbox 873 848 915 913; x_wconf 91' lang='lat' dir='ltr'><strong>ad</strong></span> <span class='ocrx_word' id='word_1_14' title='bbox 936 839 1151 939; x_wconf 87' lang='lat' dir='ltr'><strong>Hiempsalem</strong></span> 
     </span>
     <span class='ocr_line' id='line_1_3' title="bbox 81 948 1153 1042; baseline -0.002 -23"><span class='ocrx_word' id='word_1_15' title='bbox 81 950 230 1042; x_wconf 87' lang='lat' dir='ltr'><strong>Pompeii</strong></span> <span class='ocrx_word' id='word_1_16' title='bbox 245 949 406 1016; x_wconf 88' lang='lat' dir='ltr'><strong>beneficio</strong></span> <span class='ocrx_word' id='word_1_17' title='bbox 422 948 536 1030; x_wconf 87' lang='lat' dir='ltr'><strong>rediit;</strong></span> <span class='ocrx_word' id='word_1_18' title='bbox 553 971 652 1036; x_wconf 89' lang='lat' dir='ltr'><strong>quam</strong></span> <span class='ocrx_word' id='word_1_19' title='bbox 666 949 850 1023; x_wconf 70' lang='lat' dir='ltr'><strong>universam</strong></span> <span class='ocrx_word' id='word_1_20' title='bbox 865 948 1081 1039; x_wconf 76' lang='lat' dir='ltr'><strong>finitimasque</strong></span> <span class='ocrx_word' id='word_1_21' title='bbox 1096 952 1153 1017; x_wconf 83' lang='lat' dir='ltr'><strong>ali-</strong></span> 
     </span>
     <span class='ocr_line' id='line_1_4' title="bbox 81 1051 1152 1142; baseline -0.001 -23"><span class='ocrx_word' id='word_1_22' title='bbox 81 1071 164 1142; x_wconf 87' lang='lat' dir='ltr'><strong>quot</strong></span> <span class='ocrx_word' id='word_1_23' title='bbox 175 1054 329 1142; x_wconf 80' lang='lat' dir='ltr'>regiones</span> <span class='ocrx_word' id='word_1_24' title='bbox 344 1075 419 1116; x_wconf 90' lang='lat' dir='ltr'><strong>cum</strong></span> <span class='ocrx_word' id='word_1_25' title='bbox 435 1051 558 1115; x_wconf 86' lang='lat' dir='ltr'><strong>victore</strong></span> <span class='ocrx_word' id='word_1_26' title='bbox 571 1051 713 1115; x_wconf 87' lang='lat' dir='ltr'><strong>exercitu</strong></span> <span class='ocrx_word' id='word_1_27' title='bbox 730 1051 811 1115; x_wconf 89' lang='lat' dir='ltr'><strong>mira</strong></span> <span class='ocrx_word' id='word_1_28' title='bbox 828 1052 989 1117; x_wconf 89' lang='lat' dir='ltr'><strong>celeritate</strong></span> <span class='ocrx_word' id='word_1_29' title='bbox 1002 1076 1152 1142; x_wconf 82' lang='lat' dir='ltr'><strong>peragra-</strong></span> 
     </span>
     <span class='ocr_line' id='line_1_5' title="bbox 81 1144 1153 1244; baseline -0.001 -25"><span class='ocrx_word' id='word_1_30' title='bbox 81 1157 145 1237; x_wconf 81' lang='lat' dir='ltr'><strong>vit,</strong></span> <span class='ocrx_word' id='word_1_31' title='bbox 171 1154 386 1244; x_wconf 84' lang='lat' dir='ltr'><strong>quadraginta</strong></span> <span class='ocrx_word' id='word_1_32' title='bbox 409 1144 475 1217; x_wconf 88' lang='lat' dir='ltr'><strong>non</strong></span> <span class='ocrx_word' id='word_1_33' title='bbox 502 1152 641 1240; x_wconf 89' lang='lat' dir='ltr'><strong>amplius</strong></span> <span class='ocrx_word' id='word_1_34' title='bbox 666 1151 781 1216; x_wconf 91' lang='lat' dir='ltr'><strong>diebus</strong></span> <span class='ocrx_word' id='word_1_35' title='bbox 804 1153 910 1216; x_wconf 82' lang='lat' dir='ltr'><strong>Africa</strong></span> <span class='ocrx_word' id='word_1_36' title='bbox 931 1168 1079 1241; x_wconf 86' lang='lat' dir='ltr'><strong>recepta,</strong></span> <span class='ocrx_word' id='word_1_37' title='bbox 1102 1177 1153 1218; x_wconf 88' lang='lat' dir='ltr'><strong>re·</strong></span> 
     </span>
     <span class='ocr_line' id='line_1_6' title="bbox 80 1253 1160 1348; baseline -0.003 -26"><span class='ocrx_word' id='word_1_38' title='bbox 80 1279 293 1348; x_wconf 82' lang='lat' dir='ltr'><strong>gnorumque</strong></span> <span class='ocrx_word' id='word_1_39' title='bbox 311 1272 398 1322; x_wconf 76' lang='lat' dir='ltr'><strong>statu</strong></span> <span class='ocrx_word' id='word_1_40' title='bbox 414 1255 617 1343; x_wconf 88' lang='lat' dir='ltr'><strong>composito,</strong></span> <span class='ocrx_word' id='word_1_41' title='bbox 640 1277 802 1318; x_wconf 87' lang='lat' dir='ltr'><strong>annorum</strong></span> <span class='ocrx_word' id='word_1_42' title='bbox 819 1253 997 1320; x_wconf 84' lang='lat' dir='ltr'><strong>admodum</strong></span> <span class='ocrx_word' id='word_1_43' title='bbox 1015 1269 1160 1341; x_wconf 77' lang='lat' dir='ltr'><strong>quatuor</strong></span> 
     </span>
     <span class='ocr_line' id='line_1_7' title="bbox 82 1354 1153 1450; baseline -0.002 -28"><span class='ocrx_word' id='word_1_44' title='bbox 82 1376 117 1423; x_wconf 89' lang='lat' dir='ltr'><strong>et</strong></span> <span class='ocrx_word' id='word_1_45' title='bbox 131 1359 246 1450; x_wconf 77' lang='lat' dir='ltr'><strong>viginti</strong></span> <span class='ocrx_word' id='word_1_46' title='bbox 260 1358 459 1423; x_wconf 88' lang='lat' dir='ltr'><strong>adolescens.</strong></span> <span class='ocrx_word' id='word_1_47' title='bbox 474 1357 651 1444; x_wconf 91' lang='lat' dir='ltr'><strong>Postquam</strong></span> <span class='ocrx_word' id='word_1_48' title='bbox 666 1379 684 1420; x_wconf 89' lang='lat' dir='ltr'><strong>e</strong></span> <span class='ocrx_word' id='word_1_49' title='bbox 697 1354 850 1420; x_wconf 85' lang='lat' dir='ltr'><strong>Numidia</strong></span> <span class='ocrx_word' id='word_1_50' title='bbox 867 1378 1014 1421; x_wconf 89' lang='lat' dir='ltr'><strong>reversus</strong></span> <span class='ocrx_word' id='word_1_51' title='bbox 1026 1355 1153 1420; x_wconf 79' lang='lat' dir='ltr'><strong>Uticam</strong></span> 
     </span>
     <span class='ocr_line' id='line_1_8' title="bbox 81 1457 1157 1538; baseline -0.005 -12"><span class='ocrx_word' id='word_1_52' title='bbox 81 1478 149 1538; x_wconf 86' lang='lat' dir='ltr'><strong>est,</strong></span> <span class='ocrx_word' id='word_1_53' title='bbox 164 1459 300 1526; x_wconf 70' lang='lat' dir='ltr'><strong>redditae</strong></span> <span class='ocrx_word' id='word_1_54' title='bbox 310 1475 388 1523; x_wconf 88' lang='lat' dir='ltr'><strong>sunt</strong></span> <span class='ocrx_word' id='word_1_55' title='bbox 399 1458 427 1521; x_wconf 91' lang='lat' dir='ltr'><strong>ei</strong></span> <span class='ocrx_word' id='word_1_56' title='bbox 440 1458 605 1523; x_wconf 87' lang='lat' dir='ltr'><strong>dictatoris</strong></span> <span class='ocrx_word' id='word_1_57' title='bbox 615 1458 732 1538; x_wconf 83' lang='lat' dir='ltr'><strong>literae,</strong></span> <span class='ocrx_word' id='word_1_58' title='bbox 743 1457 905 1523; x_wconf 82' lang='lat' dir='ltr'><strong>dimittere</strong></span> <span class='ocrx_word' id='word_1_59' title='bbox 912 1458 1055 1538; x_wconf 83' lang='lat' dir='ltr'><strong>jubentis</strong></span> <span class='ocrx_word' id='word_1_60' title='bbox 1069 1480 1157 1522; x_wconf 86' lang='lat' dir='ltr'><strong>exer·</strong></span> 
     </span>
     <span class='ocr_line' id='line_1_9' title="bbox 70 1551 1157 1649; baseline -0.002 -23"><span class='ocrx_word' id='word_1_61' title='bbox 70 1551 204 1643; x_wconf 80' lang='lat' dir='ltr'><strong>citum,</strong></span> <span class='ocrx_word' id='word_1_62' title='bbox 216 1577 337 1626; x_wconf 89' lang='lat' dir='ltr'><strong>etcum</strong></span> <span class='ocrx_word' id='word_1_63' title='bbox 350 1583 415 1624; x_wconf 93' lang='lat' dir='ltr'><strong>una</strong></span> <span class='ocrx_word' id='word_1_64' title='bbox 424 1560 552 1649; x_wconf 84' lang='lat' dir='ltr'><strong>legione</strong></span> <span class='ocrx_word' id='word_1_65' title='bbox 562 1576 746 1648; x_wconf 88' lang='lat' dir='ltr'><strong>exspectare</strong></span> <span class='ocrx_word' id='word_1_66' title='bbox 759 1583 994 1625; x_wconf 83' lang='lat' dir='ltr'><strong>successorem:</strong></span> <span class='ocrx_word' id='word_1_67' title='bbox 1008 1559 1041 1623; x_wconf 90' lang='lat' dir='ltr'><strong>id</strong></span> <span class='ocrx_word' id='word_1_68' title='bbox 1053 1582 1157 1648; x_wconf 90' lang='lat' dir='ltr'><strong>quum</strong></span> 
     </span>
     <span class='ocr_line' id='line_1_10' title="bbox 83 1660 1156 1753; baseline 0.001 -28"><span class='ocrx_word' id='word_1_69' title='bbox 83 1663 192 1751; x_wconf 89' lang='lat' dir='ltr'><strong>ipsum</strong></span> <span class='ocrx_word' id='word_1_70' title='bbox 215 1663 344 1726; x_wconf 88' lang='lat' dir='ltr'><strong>occulte</strong></span> <span class='ocrx_word' id='word_1_71' title='bbox 364 1660 548 1742; x_wconf 81' lang='lat' dir='ltr'><strong>morderet,</strong></span> <span class='ocrx_word' id='word_1_72' title='bbox 573 1660 731 1727; x_wconf 83' lang='lat' dir='ltr'><strong>exercitus</strong></span> <span class='ocrx_word' id='word_1_73' title='bbox 752 1663 856 1750; x_wconf 85' lang='lat' dir='ltr'><strong>palam</strong></span> <span class='ocrx_word' id='word_1_74' title='bbox 876 1661 1156 1753; x_wconf 81' lang='lat' dir='ltr'><strong>indignantissime</strong></span> 
     </span>
     <span class='ocr_line' id='line_1_11' title="bbox 83 1762 1154 1853; baseline -0.003 -24"><span class='ocrx_word' id='word_1_75' title='bbox 83 1765 180 1848; x_wconf 82' lang='lat' dir='ltr'><strong>tulit3</strong></span> <span class='ocrx_word' id='word_1_76' title='bbox 203 1780 238 1830; x_wconf 85' lang='lat' dir='ltr'><strong>et</strong></span> <span class='ocrx_word' id='word_1_77' title='bbox 253 1780 385 1853; x_wconf 89' lang='lat' dir='ltr'><strong>petente</strong></span> <span class='ocrx_word' id='word_1_78' title='bbox 407 1763 589 1851; x_wconf 89' lang='lat' dir='ltr'><strong>Pompeio,</strong></span> <span class='ocrx_word' id='word_1_79' title='bbox 615 1781 653 1828; x_wconf 93' lang='lat' dir='ltr'><strong>ut</strong></span> <span class='ocrx_word' id='word_1_80' title='bbox 668 1762 968 1853; x_wconf 86' lang='lat' dir='ltr'><strong>proficiscerentur,</strong></span> <span class='ocrx_word' id='word_1_81' title='bbox 991 1765 1102 1829; x_wconf 88' lang='lat' dir='ltr'><strong>multis</strong></span> <span class='ocrx_word' id='word_1_82' title='bbox 1121 1764 1154 1827; x_wconf 89' lang='lat' dir='ltr'><strong>in</strong></span> 
     </span>
     <span class='ocr_line' id='line_1_12' title="bbox 81 1865 1156 1957; baseline 0 -27"><span class='ocrx_word' id='word_1_83' title='bbox 81 1866 278 1932; x_wconf 86' lang='lat' dir='ltr'><strong>dictatorem</strong></span> <span class='ocrx_word' id='word_1_84' title='bbox 295 1865 466 1948; x_wconf 86' lang='lat' dir='ltr'><strong>conviciis,</strong></span> <span class='ocrx_word' id='word_1_85' title='bbox 480 1879 652 1951; x_wconf 64' lang='lat' dir='ltr'><strong>mannum</strong></span> <span class='ocrx_word' id='word_1_86' title='bbox 665 1882 697 1930; x_wconf 84' lang='lat' dir='ltr'><strong>et</strong></span> <span class='ocrx_word' id='word_1_87' title='bbox 712 1866 848 1935; x_wconf 68' lang='lat' dir='ltr'><strong>cunam</strong></span> <span class='ocrx_word' id='word_1_88' title='bbox 860 1868 1077 1957; x_wconf 84' lang='lat' dir='ltr'><strong>appellantes,</strong></span> <span class='ocrx_word' id='word_1_89' title='bbox 1097 1888 1156 1930; x_wconf 89' lang='lat' dir='ltr'><strong>ne·</strong></span> 
     </span>
     <span class='ocr_line' id='line_1_13' title="bbox 82 1968 1155 2058; baseline -0.001 -24"><span class='ocrx_word' id='word_1_90' title='bbox 82 1985 224 2058; x_wconf 70' lang='lat' dir='ltr'><strong>gerunt,</strong></span> <span class='ocrx_word' id='word_1_91' title='bbox 240 1991 272 2032; x_wconf 82' lang='lat' dir='ltr'><strong>se</strong></span> <span class='ocrx_word' id='word_1_92' title='bbox 277 1990 429 2057; x_wconf 81' lang='lat' dir='ltr'><strong>passuros</strong></span> <span class='ocrx_word' id='word_1_93' title='bbox 435 2015 447 2046; x_wconf 13' lang='grc' dir='ltr'><strong>Α,</strong></span> <span class='ocrx_word' id='word_1_94' title='bbox 468 1982 504 2032; x_wconf 84' lang='lat' dir='ltr'><strong>ut</strong></span> <span class='ocrx_word' id='word_1_95' title='bbox 515 1971 581 2032; x_wconf 81' lang='lat' dir='ltr'><strong>sine</strong></span> <span class='ocrx_word' id='word_1_96' title='bbox 593 1968 765 2056; x_wconf 78' lang='lat' dir='ltr'><strong>legionIbus</strong></span> <span class='ocrx_word' id='word_1_97' title='bbox 782 1993 813 2032; x_wconf 84' lang='lat' dir='ltr'><strong>se</strong></span> <span class='ocrx_word' id='word_1_98' title='bbox 829 1970 938 2034; x_wconf 84' lang='lat' dir='ltr'><strong>credat</strong></span> <span class='ocrx_word' id='word_1_99' title='bbox 951 1970 1074 2033; x_wconf 78' lang='grc' dir='ltr'><em>Ιιοηιίιιὶ</em></span> <span class='ocrx_word' id='word_1_100' title='bbox 1083 1991 1155 2033; x_wconf 81' lang='lat' dir='ltr'><strong>cnt-</strong></span> 
     </span>
     <span class='ocr_line' id='line_1_14' title="bbox 81 2065 334 2158; baseline 0 -24"><span class='ocrx_word' id='word_1_101' title='bbox 81 2065 334 2158; x_wconf 65' lang='lat' dir='ltr'><strong>dclietperfidm</strong></span> 
     </span>
    </p>

    <p class='ocr_par' dir='ltr' id='par_1_3' title="bbox 82 2172 1158 3481">
     <span class='ocr_line' id='line_1_15' title="bbox 127 2172 1156 2260; baseline -0.001 -23"><span class='ocrx_word' id='word_1_102' title='bbox 127 2173 255 2238; x_wconf 87' lang='lat' dir='ltr'>XXIII.</span> <span class='ocrx_word' id='word_1_103' title='bbox 270 2172 434 2239; x_wconf 84' lang='lat' dir='ltr'><strong>Adversus</strong></span> <span class='ocrx_word' id='word_1_104' title='bbox 447 2172 514 2236; x_wconf 82' lang='lat' dir='ltr'><strong>haec</strong></span> <span class='ocrx_word' id='word_1_105' title='bbox 526 2172 702 2260; x_wconf 86' lang='lat' dir='ltr'><strong>Pompeius</strong></span> <span class='ocrx_word' id='word_1_106' title='bbox 714 2173 839 2238; x_wconf 88' lang='lat' dir='ltr'><strong>orando</strong></span> <span class='ocrx_word' id='word_1_107' title='bbox 852 2173 1083 2260; x_wconf 88' lang='lat' dir='ltr'><strong>monendoque</strong></span> <span class='ocrx_word' id='word_1_108' title='bbox 1098 2173 1156 2236; x_wconf 90' lang='lat' dir='ltr'><strong>mi·</strong></span> 
     </span>
     <span class='ocr_line' id='line_1_16' title="bbox 82 2272 1155 2365; baseline -0.004 -25"><span class='ocrx_word' id='word_1_109' title='bbox 82 2276 184 2365; x_wconf 78' lang='lat' dir='ltr'><strong>rigare</strong></span> <span class='ocrx_word' id='word_1_110' title='bbox 200 2275 300 2340; x_wconf 88' lang='lat' dir='ltr'><strong>iratos</strong></span> <span class='ocrx_word' id='word_1_111' title='bbox 311 2273 508 2356; x_wconf 75' lang='lat' dir='ltr'><strong>conabatur,</strong></span> <span class='ocrx_word' id='word_1_112' title='bbox 523 2273 582 2340; x_wconf 91' lang='lat' dir='ltr'><strong>sed</strong></span> <span class='ocrx_word' id='word_1_113' title='bbox 595 2274 657 2338; x_wconf 90' lang='lat' dir='ltr'><strong>illis</strong></span> <span class='ocrx_word' id='word_1_114' title='bbox 670 2274 704 2337; x_wconf 91' lang='lat' dir='ltr'><strong>in</strong></span> <span class='ocrx_word' id='word_1_115' title='bbox 718 2274 876 2338; x_wconf 87' lang='lat' dir='ltr'><strong>sententia</strong></span> <span class='ocrx_word' id='word_1_116' title='bbox 888 2272 1155 2362; x_wconf 88' lang='lat' dir='ltr'><strong>persistentibus,</strong></span> 
     </span>
     <span class='ocr_line' id='line_1_17' title="bbox 82 2375 1155 2464; baseline -0.001 -25"><span class='ocrx_word' id='word_1_117' title='bbox 82 2376 118 2439; x_wconf 91' lang='lat' dir='ltr'><strong>in</strong></span> <span class='ocrx_word' id='word_1_118' title='bbox 139 2375 405 2457; x_wconf 87' lang='lat' dir='ltr'><strong>tabernaculum,</strong></span> <span class='ocrx_word' id='word_1_119' title='bbox 428 2375 541 2439; x_wconf 88' lang='lat' dir='ltr'><strong>relicto</strong></span> <span class='ocrx_word' id='word_1_120' title='bbox 562 2375 735 2456; x_wconf 92' lang='lat' dir='ltr'><strong>tribunali,</strong></span> <span class='ocrx_word' id='word_1_121' title='bbox 758 2375 1030 2464; x_wconf 81' lang='lat' dir='ltr'><strong>lacrymabundus</strong></span> <span class='ocrx_word' id='word_1_122' title='bbox 1052 2398 1086 2439; x_wconf 89' lang='lat' dir='ltr'><strong>se</strong></span> <span class='ocrx_word' id='word_1_123' title='bbox 1103 2397 1155 2438; x_wconf 83' lang='lat' dir='ltr'><strong>re·</strong></span> 
     </span>
     <span class='ocr_line' id='line_1_18' title="bbox 82 2477 1155 2567; baseline -0.001 -26"><span class='ocrx_word' id='word_1_124' title='bbox 82 2477 180 2566; x_wconf 82' lang='lat' dir='ltr'><strong>oepit</strong></span> <span class='ocrx_word' id='word_1_125' title='bbox 192 2478 278 2541; x_wconf 85' lang='lat' dir='ltr'><strong>Tum</strong></span> <span class='ocrx_word' id='word_1_126' title='bbox 293 2477 339 2541; x_wconf 93' lang='lat' dir='ltr'><strong>illi</strong></span> <span class='ocrx_word' id='word_1_127' title='bbox 350 2477 585 2565; x_wconf 88' lang='lat' dir='ltr'><strong>reprehensum</strong></span> <span class='ocrx_word' id='word_1_128' title='bbox 596 2478 715 2542; x_wconf 92' lang='lat' dir='ltr'><strong>iterum</strong></span> <span class='ocrx_word' id='word_1_129' title='bbox 728 2479 929 2543; x_wconf 85' lang='lat' dir='ltr'><strong>collocarunt</strong></span> <span class='ocrx_word' id='word_1_130' title='bbox 938 2479 971 2541; x_wconf 92' lang='lat' dir='ltr'><strong>in</strong></span> <span class='ocrx_word' id='word_1_131' title='bbox 985 2493 1155 2567; x_wconf 81' lang='lat' dir='ltr'><strong>suggestu,</strong></span> 
     </span>
     <span class='ocr_line' id='line_1_19' title="bbox 83 2577 1156 2669; baseline 0 -27"><span class='ocrx_word' id='word_1_132' title='bbox 83 2601 268 2669; x_wconf 81' lang='lat' dir='ltr'><strong>magnaque</strong></span> <span class='ocrx_word' id='word_1_133' title='bbox 285 2577 349 2642; x_wconf 93' lang='lat' dir='ltr'><strong>diei</strong></span> <span class='ocrx_word' id='word_1_134' title='bbox 372 2601 445 2665; x_wconf 85' lang='lat' dir='ltr'><strong>pars</strong></span> <span class='ocrx_word' id='word_1_135' title='bbox 467 2578 528 2643; x_wconf 89' lang='lat' dir='ltr'><strong>hac</strong></span> <span class='ocrx_word' id='word_1_136' title='bbox 544 2581 755 2644; x_wconf 83' lang='lat' dir='ltr'><strong>contentione</strong></span> <span class='ocrx_word' id='word_1_137' title='bbox 773 2597 923 2669; x_wconf 86' lang='lat' dir='ltr'><strong>exempta</strong></span> <span class='ocrx_word' id='word_1_138' title='bbox 944 2597 1012 2663; x_wconf 86' lang='lat' dir='ltr'><strong>est,</strong></span> <span class='ocrx_word' id='word_1_139' title='bbox 1031 2579 1156 2660; x_wconf 90' lang='lat' dir='ltr'><strong>donec,</strong></span> 
     </span>
     <span class='ocr_line' id='line_1_20' title="bbox 83 2679 1155 2763; baseline 0.002 -20"><span class='ocrx_word' id='word_1_140' title='bbox 83 2680 283 2746; x_wconf 84' lang='lat' dir='ltr'><strong>instantibus</strong></span> <span class='ocrx_word' id='word_1_141' title='bbox 291 2679 372 2761; x_wconf 89' lang='lat' dir='ltr'><strong>illis,</strong></span> <span class='ocrx_word' id='word_1_142' title='bbox 384 2697 416 2745; x_wconf 93' lang='lat' dir='ltr'><strong>et</strong></span> <span class='ocrx_word' id='word_1_143' title='bbox 429 2680 603 2745; x_wconf 90' lang='lat' dir='ltr'><strong>clamorem</strong></span> <span class='ocrx_word' id='word_1_144' title='bbox 616 2681 822 2763; x_wconf 89' lang='lat' dir='ltr'><strong>tollentibus,</strong></span> <span class='ocrx_word' id='word_1_145' title='bbox 835 2683 955 2762; x_wconf 84' lang='lat' dir='ltr'><strong>juravit</strong></span> <span class='ocrx_word' id='word_1_146' title='bbox 965 2681 1027 2745; x_wconf 89' lang='lat' dir='ltr'><strong>sibi</strong></span> <span class='ocrx_word' id='word_1_147' title='bbox 1038 2702 1155 2746; x_wconf 88' lang='lat' dir='ltr'><strong>manus</strong></span> 
     </span>
     <span class='ocr_line' id='line_1_21' title="bbox 82 2781 1156 2871; baseline 0.001 -26"><span class='ocrx_word' id='word_1_148' title='bbox 82 2781 257 2846; x_wconf 79' lang='lat' dir='ltr'><strong>allamrum</strong></span> <span class='ocrx_word' id='word_1_149' title='bbox 273 2803 362 2862; x_wconf 87' lang='lat' dir='ltr'><strong>esse,</strong></span> <span class='ocrx_word' id='word_1_150' title='bbox 386 2783 420 2844; x_wconf 89' lang='lat' dir='ltr'><strong>ni</strong></span> <span class='ocrx_word' id='word_1_151' title='bbox 436 2782 624 2868; x_wconf 89' lang='lat' dir='ltr'><strong>quiescant:</strong></span> <span class='ocrx_word' id='word_1_152' title='bbox 644 2806 727 2871; x_wconf 71' lang='lat' dir='ltr'><strong>{egre</strong></span> <span class='ocrx_word' id='word_1_153' title='bbox 749 2783 954 2849; x_wconf 86' lang='lat' dir='ltr'><strong>destiterunt.</strong></span> <span class='ocrx_word' id='word_1_154' title='bbox 978 2785 1068 2848; x_wconf 89' lang='lat' dir='ltr'><strong>Inter</strong></span> <span class='ocrx_word' id='word_1_155' title='bbox 1086 2782 1156 2847; x_wconf 75' lang='lat' dir='ltr'><strong>baec</strong></span> 
     </span>
     <span class='ocr_line' id='line_1_22' title="bbox 82 2882 1158 2974; baseline 0.002 -28"><span class='ocrx_word' id='word_1_156' title='bbox 82 2882 215 2972; x_wconf 76' lang='lat' dir='ltr'><strong>aegyptii</strong></span> <span class='ocrx_word' id='word_1_157' title='bbox 232 2882 327 2971; x_wconf 86' lang='lat' dir='ltr'><strong>legati</strong></span> <span class='ocrx_word' id='word_1_158' title='bbox 340 2898 500 2946; x_wconf 84' lang='lat' dir='ltr'><strong>venerunt</strong></span> <span class='ocrx_word' id='word_1_159' title='bbox 508 2885 644 2947; x_wconf 88' lang='lat' dir='ltr'><strong>Romam</strong></span> <span class='ocrx_word' id='word_1_160' title='bbox 658 2931 668 2965; x_wconf 99' lang='lat'><strong>,</strong></span> <span class='ocrx_word' id='word_1_161' title='bbox 686 2885 881 2973; x_wconf 74' lang='lat' dir='ltr'><strong>Cleopatrae,</strong></span> <span class='ocrx_word' id='word_1_162' title='bbox 897 2910 969 2973; x_wconf 80' lang='lat' dir='ltr'><strong>quae</strong></span> <span class='ocrx_word' id='word_1_163' title='bbox 984 2902 1059 2974; x_wconf 89' lang='lat' dir='ltr'><strong>post</strong></span> <span class='ocrx_word' id='word_1_164' title='bbox 1072 2908 1158 2949; x_wconf 87' lang='lat' dir='ltr'><strong>mor·</strong></span> 
     </span>
     <span class='ocr_line' id='line_1_23' title="bbox 84 2983 1157 3072; baseline 0.003 -24"><span class='ocrx_word' id='word_1_165' title='bbox 84 3001 151 3048; x_wconf 89' lang='lat' dir='ltr'><strong>tem</strong></span> <span class='ocrx_word' id='word_1_166' title='bbox 172 2986 233 3048; x_wconf 82' lang='lat' dir='ltr'><strong>riri</strong></span> <span class='ocrx_word' id='word_1_167' title='bbox 251 2983 423 3049; x_wconf 86' lang='lat' dir='ltr'><strong>Alexandri</strong></span> <span class='ocrx_word' id='word_1_168' title='bbox 448 3007 485 3051; x_wconf 87' lang='lat' dir='ltr'><strong>ac</strong></span> <span class='ocrx_word' id='word_1_169' title='bbox 508 2985 607 3072; x_wconf 87' lang='lat' dir='ltr'><strong>patris</strong></span> <span class='ocrx_word' id='word_1_170' title='bbox 629 2986 783 3069; x_wconf 88' lang='lat' dir='ltr'><strong>Lathuri,</strong></span> <span class='ocrx_word' id='word_1_171' title='bbox 802 2987 944 3052; x_wconf 91' lang='lat' dir='ltr'><strong>duorum</strong></span> <span class='ocrx_word' id='word_1_172' title='bbox 969 2989 1157 3052; x_wconf 80' lang='lat' dir='ltr'><strong>Ptolemaeo-</strong></span> 
     </span>
     <span class='ocr_line' id='line_1_24' title="bbox 83 3086 1155 3178; baseline 0.001 -29"><span class='ocrx_word' id='word_1_173' title='bbox 83 3109 177 3167; x_wconf 91' lang='lat' dir='ltr'><strong>rum,</strong></span> <span class='ocrx_word' id='word_1_174' title='bbox 200 3109 338 3174; x_wconf 82' lang='lat' dir='ltr'><strong>regnum</strong></span> <span class='ocrx_word' id='word_1_175' title='bbox 357 3086 545 3169; x_wconf 89' lang='lat' dir='ltr'><strong>obtinebat,</strong></span> <span class='ocrx_word' id='word_1_176' title='bbox 563 3088 716 3153; x_wconf 87' lang='lat' dir='ltr'><strong>maritum</strong></span> <span class='ocrx_word' id='word_1_177' title='bbox 733 3111 772 3152; x_wconf 92' lang='lat' dir='ltr'><strong>ex</strong></span> <span class='ocrx_word' id='word_1_178' title='bbox 789 3089 876 3178; x_wconf 84' lang='lat' dir='ltr'><strong>regia</strong></span> <span class='ocrx_word' id='word_1_179' title='bbox 889 3090 989 3177; x_wconf 82' lang='lat' dir='ltr'><strong>stirpe</strong></span> <span class='ocrx_word' id='word_1_180' title='bbox 1002 3088 1155 3176; x_wconf 83' lang='lat' dir='ltr'><strong>petituri:</strong></span> 
     </span>
     <span class='ocr_line' id='line_1_25' title="bbox 84 3187 1155 3286; baseline -0.001 -33"><span class='ocrx_word' id='word_1_181' title='bbox 84 3211 164 3253; x_wconf 81' lang='lat' dir='ltr'><strong>nam</strong></span> <span class='ocrx_word' id='word_1_182' title='bbox 176 3188 348 3253; x_wconf 82' lang='lat' dir='ltr'><strong>Alexandri</strong></span> <span class='ocrx_word' id='word_1_183' title='bbox 363 3187 447 3256; x_wconf 84' lang='lat' dir='ltr'><strong>lilius</strong></span> <span class='ocrx_word' id='word_1_184' title='bbox 459 3211 499 3253; x_wconf 88' lang='lat' dir='ltr'><strong>ex</strong></span> <span class='ocrx_word' id='word_1_185' title='bbox 515 3190 575 3253; x_wconf 87' lang='lat' dir='ltr'><strong>alia</strong></span> <span class='ocrx_word' id='word_1_186' title='bbox 589 3213 707 3271; x_wconf 82' lang='lat' dir='ltr'><strong>uxore,</strong></span> <span class='ocrx_word' id='word_1_187' title='bbox 720 3191 924 3279; x_wconf 78' lang='lat' dir='ltr'><strong>cognominis</strong></span> <span class='ocrx_word' id='word_1_188' title='bbox 936 3191 1037 3286; x_wconf 80' lang='lat' dir='ltr'><strong>patri,</strong></span> <span class='ocrx_word' id='word_1_189' title='bbox 1051 3210 1155 3276; x_wconf 90' lang='lat' dir='ltr'><strong>quum</strong></span> 
     </span>
     <span class='ocr_line' id='line_1_26' title="bbox 82 3289 1157 3380; baseline 0.001 -27"><span class='ocrx_word' id='word_1_190' title='bbox 82 3314 102 3353; x_wconf 83' lang='lat' dir='ltr'><strong>a</strong></span> <span class='ocrx_word' id='word_1_191' title='bbox 118 3291 211 3371; x_wconf 86' lang='lat' dir='ltr'><strong>Cois,</strong></span> <span class='ocrx_word' id='word_1_192' title='bbox 226 3289 315 3380; x_wconf 91' lang='lat' dir='ltr'><strong>apud</strong></span> <span class='ocrx_word' id='word_1_193' title='bbox 332 3313 415 3378; x_wconf 92' lang='lat' dir='ltr'><strong>quos</strong></span> <span class='ocrx_word' id='word_1_194' title='bbox 435 3290 651 3372; x_wconf 87' lang='lat' dir='ltr'><strong>educabatur,</strong></span> <span class='ocrx_word' id='word_1_195' title='bbox 671 3291 851 3357; x_wconf 88' lang='lat' dir='ltr'><strong>Mithridati</strong></span> <span class='ocrx_word' id='word_1_196' title='bbox 871 3292 1018 3372; x_wconf 89' lang='lat' dir='ltr'><strong>deditus,</strong></span> <span class='ocrx_word' id='word_1_197' title='bbox 1036 3289 1157 3354; x_wconf 89' lang='lat' dir='ltr'><strong>abhoc</strong></span> 
     </span>
     <span class='ocr_line' id='line_1_27' title="bbox 83 3390 1121 3481; baseline -0.002 -27"><span class='ocrx_word' id='word_1_198' title='bbox 83 3391 125 3456; x_wconf 87' lang='lat' dir='ltr'><strong>ad</strong></span> <span class='ocrx_word' id='word_1_199' title='bbox 136 3392 261 3459; x_wconf 81' lang='lat' dir='ltr'><strong>Sullam</strong></span> <span class='ocrx_word' id='word_1_200' title='bbox 274 3392 492 3481; x_wconf 82' lang='lat' dir='ltr'><strong>profugisset,</strong></span> <span class='ocrx_word' id='word_1_201' title='bbox 507 3394 592 3458; x_wconf 91' lang='lat' dir='ltr'><strong>inter</strong></span> <span class='ocrx_word' id='word_1_202' title='bbox 607 3393 778 3458; x_wconf 77' lang='lat' dir='ltr'><strong>familiares</strong></span> <span class='ocrx_word' id='word_1_203' title='bbox 790 3393 858 3472; x_wconf 88' lang='lat' dir='ltr'><strong>ejus</strong></span> <span class='ocrx_word' id='word_1_204' title='bbox 872 3395 984 3457; x_wconf 81' lang='lat' dir='ltr'><strong>Romae</strong></span> <span class='ocrx_word' id='word_1_205' title='bbox 998 3390 1121 3480; x_wconf 82' lang='lat' dir='ltr'><strong>agebat.</strong></span> 
     </span>
    </p>

    <p class='ocr_par' dir='ltr' id='par_1_4' title="bbox 83 3491 1255 4189">
     <span class='ocr_line' id='line_1_28' title="bbox 128 3491 1155 3576; baseline -0.004 -17"><span class='ocrx_word' id='word_1_206' title='bbox 128 3495 252 3559; x_wconf 86' lang='lat' dir='ltr'>XXIV.</span> <span class='ocrx_word' id='word_1_207' title='bbox 268 3493 394 3560; x_wconf 89' lang='lat' dir='ltr'><strong>Idcirco</strong></span> <span class='ocrx_word' id='word_1_208' title='bbox 408 3495 513 3576; x_wconf 88' lang='lat' dir='ltr'><strong>Sulla,</strong></span> <span class='ocrx_word' id='word_1_209' title='bbox 527 3511 598 3560; x_wconf 92' lang='lat' dir='ltr'><strong>tum</strong></span> <span class='ocrx_word' id='word_1_210' title='bbox 612 3496 688 3560; x_wconf 85' lang='lat' dir='ltr'><strong>alias</strong></span> <span class='ocrx_word' id='word_1_211' title='bbox 702 3495 878 3560; x_wconf 88' lang='lat' dir='ltr'><strong>honesturn</strong></span> <span class='ocrx_word' id='word_1_212' title='bbox 893 3493 954 3558; x_wconf 86' lang='lat' dir='ltr'><strong>sibi</strong></span> <span class='ocrx_word' id='word_1_213' title='bbox 965 3491 1036 3556; x_wconf 79' lang='lat' dir='ltr'><strong>iore</strong></span> <span class='ocrx_word' id='word_1_214' title='bbox 1050 3506 1155 3570; x_wconf 83' lang='lat' dir='ltr'><strong>ratus,</strong></span> 
     </span>
     <span class='ocr_line' id='line_1_29' title="bbox 84 3594 1156 3686; baseline -0.004 -26"><span class='ocrx_word' id='word_1_215' title='bbox 84 3595 231 3685; x_wconf 69' lang='lat' dir='ltr'><strong>Aigypto</strong></span> <span class='ocrx_word' id='word_1_216' title='bbox 254 3618 363 3686; x_wconf 78' lang='lat' dir='ltr'><strong>regem</strong></span> <span class='ocrx_word' id='word_1_217' title='bbox 384 3596 597 3685; x_wconf 86' lang='lat' dir='ltr'><strong>imposuisse,</strong></span> <span class='ocrx_word' id='word_1_218' title='bbox 623 3613 695 3661; x_wconf 88' lang='lat' dir='ltr'><strong>tum</strong></span> <span class='ocrx_word' id='word_1_219' title='bbox 720 3621 760 3661; x_wconf 85' lang='lat' dir='ltr'><strong>ex</strong></span> <span class='ocrx_word' id='word_1_220' title='bbox 781 3594 1030 3684; x_wconf 86' lang='lat' dir='ltr'><strong>opulentissimo</strong></span> <span class='ocrx_word' id='word_1_221' title='bbox 1053 3614 1156 3681; x_wconf 82' lang='lat' dir='ltr'><strong>reguo</strong></span> 
     </span>
     <span class='ocr_line' id='line_1_30' title="bbox 84 3694 1226 3785; baseline -0.003 -24"><span class='ocrx_word' id='word_1_222' title='bbox 84 3694 227 3784; x_wconf 75' lang='lat' dir='ltr'><strong>praedam</strong></span> <span class='ocrx_word' id='word_1_223' title='bbox 245 3695 328 3761; x_wconf 84' lang='lat' dir='ltr'><strong>Iorte</strong></span> <span class='ocrx_word' id='word_1_224' title='bbox 351 3719 503 3785; x_wconf 86' lang='lat' dir='ltr'><strong>sperans,</strong></span> <span class='ocrx_word' id='word_1_225' title='bbox 526 3697 744 3766; x_wconf 82' lang='lat' dir='ltr'><strong>Alexandrum</strong></span> <span class='ocrx_word' id='word_1_226' title='bbox 766 3697 807 3762; x_wconf 87' lang='lat' dir='ltr'><strong>ad</strong></span> <span class='ocrx_word' id='word_1_227' title='bbox 825 3697 1027 3784; x_wconf 89' lang='lat' dir='ltr'><strong>Cleopatram</strong></span> <span class='ocrx_word' id='word_1_228' title='bbox 1045 3694 1154 3759; x_wconf 90' lang='lat' dir='ltr'><strong>mittit.</strong></span> <span class='ocrx_word' id='word_1_229' title='bbox 1224 3700 1226 3705; x_wconf 84' lang='lat'>&#39;</span> 
     </span>
     <span class='ocr_line' id='line_1_31' title="bbox 83 3794 1156 3889; baseline 0.001 -30"><span class='ocrx_word' id='word_1_230' title='bbox 83 3794 148 3859; x_wconf 82' lang='lat' dir='ltr'><strong>Sed</strong></span> <span class='ocrx_word' id='word_1_231' title='bbox 168 3795 216 3859; x_wconf 91' lang='lat' dir='ltr'><strong>illi</strong></span> <span class='ocrx_word' id='word_1_232' title='bbox 239 3797 361 3885; x_wconf 91' lang='lat' dir='ltr'><strong>nuptiis</strong></span> <span class='ocrx_word' id='word_1_233' title='bbox 388 3820 533 3862; x_wconf 84' lang='lat' dir='ltr'><strong>novercae</strong></span> <span class='ocrx_word' id='word_1_234' title='bbox 552 3800 657 3889; x_wconf 89' lang='lat' dir='ltr'><strong>potito</strong></span> <span class='ocrx_word' id='word_1_235' title='bbox 682 3798 769 3863; x_wconf 89' lang='lat' dir='ltr'><strong>haud</strong></span> <span class='ocrx_word' id='word_1_236' title='bbox 792 3798 868 3861; x_wconf 85' lang='lat' dir='ltr'><strong>satis</strong></span> <span class='ocrx_word' id='word_1_237' title='bbox 888 3796 952 3860; x_wconf 84' lang='lat' dir='ltr'><strong>fuit</strong></span> <span class='ocrx_word' id='word_1_238' title='bbox 970 3813 1156 3861; x_wconf 87' lang='lat' dir='ltr'><strong>consortem</strong></span> 
     </span>
     <span class='ocr_line' id='line_1_32' title="bbox 84 3896 1157 3987; baseline 0.001 -26"><span class='ocrx_word' id='word_1_239' title='bbox 84 3899 177 3987; x_wconf 82' lang='lat' dir='ltr'><strong>regni</strong></span> <span class='ocrx_word' id='word_1_240' title='bbox 204 3899 326 3963; x_wconf 84' lang='lat' dir='ltr'><strong>factum</strong></span> <span class='ocrx_word' id='word_1_241' title='bbox 348 3921 436 3980; x_wconf 86' lang='lat' dir='ltr'><strong>esse,</strong></span> <span class='ocrx_word' id='word_1_242' title='bbox 459 3902 540 3987; x_wconf 90' lang='lat' dir='ltr'><strong>quin</strong></span> <span class='ocrx_word' id='word_1_243' title='bbox 561 3901 655 3965; x_wconf 76' lang='lat' dir='ltr'><strong>Sullae</strong></span> <span class='ocrx_word' id='word_1_244' title='bbox 680 3899 817 3979; x_wconf 89' lang='lat' dir='ltr'><strong>fiducia,</strong></span> <span class='ocrx_word' id='word_1_245' title='bbox 838 3896 999 3986; x_wconf 89' lang='lat' dir='ltr'><strong>quidlibet</strong></span> <span class='ocrx_word' id='word_1_246' title='bbox 1015 3922 1076 3987; x_wconf 92' lang='lat' dir='ltr'><strong>pro</strong></span> <span class='ocrx_word' id='word_1_247' title='bbox 1098 3921 1157 3962; x_wconf 85' lang='lat' dir='ltr'><strong>sua</strong></span> 
     </span>
     <span class='ocr_line' id='line_1_33' title="bbox 84 3996 1158 4090; baseline 0.006 -30"><span class='ocrx_word' id='word_1_248' title='bbox 84 3998 184 4062; x_wconf 84' lang='lat' dir='ltr'><strong>unius</strong></span> <span class='ocrx_word' id='word_1_249' title='bbox 202 3996 338 4063; x_wconf 88' lang='lat' dir='ltr'><strong>libidine</strong></span> <span class='ocrx_word' id='word_1_250' title='bbox 355 3999 492 4081; x_wconf 80' lang='lat' dir='ltr'><strong>Iaceret3</strong></span> <span class='ocrx_word' id='word_1_251' title='bbox 506 4024 546 4066; x_wconf 88' lang='lat' dir='ltr'><strong>eo</strong></span> <span class='ocrx_word' id='word_1_252' title='bbox 560 4023 747 4090; x_wconf 84' lang='lat' dir='ltr'><strong>progressus</strong></span> <span class='ocrx_word' id='word_1_253' title='bbox 761 4002 917 4081; x_wconf 74' lang='lat' dir='ltr'><strong>vesanire,</strong></span> <span class='ocrx_word' id='word_1_254' title='bbox 934 4016 971 4065; x_wconf 95' lang='lat' dir='ltr'><strong>ut</strong></span> <span class='ocrx_word' id='word_1_255' title='bbox 987 4000 1158 4066; x_wconf 84' lang='lat' dir='ltr'><strong>undevice-</strong></span> 
     </span>
     <span class='ocr_line' id='line_1_34' title="bbox 84 4099 1255 4189; baseline 0.004 -27"><span class='ocrx_word' id='word_1_256' title='bbox 84 4099 167 4163; x_wconf 86' lang='lat' dir='ltr'><strong>simo</strong></span> <span class='ocrx_word' id='word_1_257' title='bbox 176 4100 306 4187; x_wconf 90' lang='lat' dir='ltr'><strong>imperii</strong></span> <span class='ocrx_word' id='word_1_258' title='bbox 315 4099 381 4181; x_wconf 87' lang='lat' dir='ltr'><strong>die,</strong></span> <span class='ocrx_word' id='word_1_259' title='bbox 389 4101 609 4189; x_wconf 87' lang='lat' dir='ltr'><strong>Cleopatram,</strong></span> <span class='ocrx_word' id='word_1_260' title='bbox 622 4101 763 4166; x_wconf 77' lang='lat' dir='ltr'><strong>audaciae</strong></span> <span class='ocrx_word' id='word_1_261' title='bbox 773 4103 1159 4182; x_wconf 83' lang='lat' dir='ltr'><strong>suoesuccensentem,de</strong></span> <span class='ocrx_word' id='word_1_262' title='bbox 1252 4102 1255 4107; x_wconf 76' lang='grc'><strong>’</strong></span> 
     </span>
    </p>
   </div>
   <div class='ocr_carea' id='block_1_3' title="bbox 85 4335 1160 4569">
    <p class='ocr_par' dir='ltr' id='par_1_5' title="bbox 85 4335 1160 4569">
     <span class='ocr_line' id='line_1_35' title="bbox 117 4335 1158 4403; baseline -0.003 -18"><span class='ocrx_word' id='word_1_263' title='bbox 117 4335 233 4400; x_wconf 75' lang='lat' dir='ltr'><strong>sun.</strong></span> <span class='ocrx_word' id='word_1_264' title='bbox 251 4337 317 4385; x_wconf 73' lang='lat' dir='ltr'><strong>llii&#39;t.</strong></span> <span class='ocrx_word' id='word_1_265' title='bbox 332 4336 363 4384; x_wconf 85' lang='lat' dir='ltr'><strong>de</strong></span> <span class='ocrx_word' id='word_1_266' title='bbox 380 4339 407 4384; x_wconf 87' lang='lat' dir='ltr'><strong>B.</strong></span> <span class='ocrx_word' id='word_1_267' title='bbox 422 4339 476 4385; x_wconf 80' lang='lat' dir='ltr'><strong>Alr.</strong></span> <span class='ocrx_word' id='word_1_268' title='bbox 491 4353 546 4401; x_wconf 76' lang='lat' dir='ltr'><strong>cap.</strong></span> <span class='ocrx_word' id='word_1_269' title='bbox 559 4352 601 4384; x_wconf 80' lang='lat' dir='ltr'><strong>aa.</strong></span> <span class='ocrx_word' id='word_1_270' title='bbox 621 4364 656 4374; x_wconf 89' lang='lat'><em>-</em></span> <span class='ocrx_word' id='word_1_271' title='bbox 671 4337 794 4386; x_wconf 71' lang='lat' dir='ltr'><strong>Plutarch.</strong></span> <span class='ocrx_word' id='word_1_272' title='bbox 809 4365 841 4373; x_wconf 93' lang='grc'>-</span> <span class='ocrx_word' id='word_1_273' title='bbox 862 4338 914 4387; x_wconf 85' lang='lat' dir='ltr'><strong>Liv.</strong></span> <span class='ocrx_word' id='word_1_274' title='bbox 929 4338 995 4403; x_wconf 76' lang='lat' dir='ltr'><strong>Epir.</strong></span> <span class='ocrx_word' id='word_1_275' title='bbox 1012 4364 1046 4373; x_wconf 90' lang='lat'><em>-</em></span> <span class='ocrx_word' id='word_1_276' title='bbox 1060 4336 1158 4384; x_wconf 77' lang='lat' dir='ltr'><strong>Sallust.</strong></span> 
     </span>
     <span class='ocr_line' id='line_1_36' title="bbox 85 4418 1160 4487; baseline -0.004 -21"><span class='ocrx_word' id='word_1_277' title='bbox 85 4422 172 4471; x_wconf 73' lang='lat' dir='ltr'><strong>lacert.</strong></span> <span class='ocrx_word' id='word_1_278' title='bbox 184 4436 225 4469; x_wconf 88' lang='lat' dir='ltr'><strong>ro.</strong></span> <span class='ocrx_word' id='word_1_279' title='bbox 239 4444 273 4457; x_wconf 88' lang='lat'><strong>·-</strong></span> <span class='ocrx_word' id='word_1_280' title='bbox 285 4419 410 4484; x_wconf 76' lang='lat' dir='ltr'><strong>sum.</strong></span> <span class='ocrx_word' id='word_1_281' title='bbox 423 4421 546 4487; x_wconf 74' lang='lat' dir='ltr'><strong>Porphyr.</strong></span> <span class='ocrx_word' id='word_1_282' title='bbox 554 4419 622 4485; x_wconf 82' lang='lat' dir='ltr'><strong>apud</strong></span> <span class='ocrx_word' id='word_1_283' title='bbox 630 4421 718 4469; x_wconf 74' lang='lat' dir='ltr'><strong>Erash.</strong></span> <span class='ocrx_word' id='word_1_284' title='bbox 728 4438 752 4487; x_wconf 90' lang='lat' dir='ltr'><strong>p.</strong></span> <span class='ocrx_word' id='word_1_285' title='bbox 763 4421 824 4469; x_wconf 67' lang='grc' dir='ltr'><strong>ηδ.</strong></span> <span class='ocrx_word' id='word_1_286' title='bbox 836 4448 870 4460; x_wconf 88' lang='grc'><strong>-</strong></span> <span class='ocrx_word' id='word_1_287' title='bbox 882 4422 990 4485; x_wconf 79' lang='lat' dir='ltr'><strong>Appiam</strong></span> <span class='ocrx_word' id='word_1_288' title='bbox 1000 4420 1072 4466; x_wconf 64' lang='lat' dir='ltr'><strong>(bril.</strong></span> <span class='ocrx_word' id='word_1_289' title='bbox 1083 4419 1127 4466; x_wconf 80' lang='lat' dir='ltr'><strong>tib.</strong></span> <span class='ocrx_word' id='word_1_290' title='bbox 1139 4418 1160 4462; x_wconf 91' lang='lat' dir='ltr'><strong>I.</strong></span> 
     </span>
     <span class='ocr_line' id='line_1_37' title="bbox 86 4504 738 4569; baseline -0.006 -13"><span class='ocrx_word' id='word_1_291' title='bbox 86 4531 118 4541; x_wconf 94' lang='lat'>-</span> <span class='ocrx_word' id='word_1_292' title='bbox 130 4504 212 4555; x_wconf 72' lang='lat' dir='ltr'><strong>Strab-</strong></span> <span class='ocrx_word' id='word_1_293' title='bbox 225 4504 269 4553; x_wconf 85' lang='lat' dir='ltr'><strong>lib.</strong></span> <span class='ocrx_word' id='word_1_294' title='bbox 281 4506 372 4565; x_wconf 78' lang='lat' dir='ltr'>XVII,</span> <span class='ocrx_word' id='word_1_295' title='bbox 383 4520 407 4569; x_wconf 85' lang='lat' dir='ltr'><strong>p.</strong></span> <span class='ocrx_word' id='word_1_296' title='bbox 420 4506 478 4568; x_wconf 76' lang='lat'><strong>⁷9⁶·</strong></span> <span class='ocrx_word' id='word_1_297' title='bbox 490 4533 525 4543; x_wconf 92' lang='lat'>-</span> <span class='ocrx_word' id='word_1_298' title='bbox 533 4506 608 4568; x_wconf 70' lang='lat' dir='ltr'><strong>Trog.</strong></span> <span class='ocrx_word' id='word_1_299' title='bbox 619 4505 685 4554; x_wconf 84' lang='lat' dir='ltr'><strong>Prol.</strong></span> <span class='ocrx_word' id='word_1_300' title='bbox 697 4507 738 4566; x_wconf 82' lang='grc'><strong>39.</strong></span> 
     </span>
    </p>
   </div>
   <div class='ocr_carea' id='block_1_4' title="bbox 0 0 1345 5018">
    <p class='ocr_par' dir='ltr' id='par_1_6' title="bbox 0 0 1345 5018">
     <span class='ocr_line' id='line_1_38' title="bbox 0 0 1345 5018; baseline 0 0"><span class='ocrx_word' id='word_1_301' title='bbox 0 0 1345 5018; x_wconf 95' lang='lat' dir='ltr'><strong> </strong></span> 
     </span>
    </p>
   </div>
  </div>
 </body>
</html>
