2670 5018
290 724 342 790 ΙΝ
377 723 488 791 LOC.
517 724 609 791 LIB.
636 727 835 793 Lxxxtx
865 729 1076 799 LIVIANI.
1144 744 1216 825 '¹99

153 865 217 933 gno
232 842 414 908 faventium
434 843 561 933 agmine
577 845 749 909 comitatus
760 846 800 909 in
817 845 926 910 lorum
942 847 1044 926 venit,
1061 872 1080 913 a
1097 850 1133 913 L.
1143 850 1216 913 Bel·

153 943 237 1008 lieno
260 944 295 1007 in
319 943 430 1009 medio
452 946 525 1008 foro
547 961 597 1009 cst
619 946 817 1011 interfectus.
841 947 979 1037 Indigna
1003 971 1070 1013 rem
1092 952 1216 1015 ferente

152 1047 292 1135 populo,
311 1048 567 1134 comprehensus
588 1071 759 1135 percussor
780 1048 821 1114 ad
836 1050 931 1114 Sullae
954 1049 1096 1115 tribunal
1110 1051 1215 1117 addu·
1234 1094 1238 1099 -

151 1146 252 1228 citur,
271 1148 329 1234 qui
347 1147 462 1213 sedens
481 1171 541 1236 pro
557 1149 696 1236 Castoris
712 1174 750 1214 ex
764 1151 853 1216 edito
866 1152 939 1216 loco
956 1150 1077 1216 caedem
1091 1170 1215 1240 specta-

151 1265 249 1312 verat.
262 1249 339 1330 Ille,
350 1264 461 1313 vocata
472 1249 514 1312 ad
525 1250 717 1315 concionem
733 1251 957 1333 multitudine,
971 1252 1043 1318 «Ne
1055 1255 1213 1335 nesciatis,

150 1350 299 1438 «inquit,
319 1351 481 1432 Quirites,
497 1374 558 1440 ego
573 1352 652 1430 jussi
669 1351 842 1419 :dimittite
865 1353 1032 1417 hominem
1050 1353 1214 1423 dictatoris

150 1451 309 1540 «imperio
323 1452 545 1540 obsequutum
557 1484 580 1517 ν.

191 1553 281 1618 xlv.
300 1552 433 1618 Addidit
454 1554 573 1619 deinde
592 1557 799 1620 atrocissimae
820 1558 1092 1645 interpretationis
1118 1558 1213 1622 fabu-

150 1655 208 1718 hm
223 1679 232 1719 :
247 1657 440 1720 ·Rusticum
454 1679 472 1719 a
488 1656 645 1745 pediculis
662 1682 825 1740 morsum,
845 1683 949 1747 quum
965 1662 1064 1725 semel
1079 1662 1214 1727 iterum·

148 1781 235 1844 que
250 1759 424 1824 interulam
443 1776 626 1847 purgasset,
644 1759 791 1875 tandem,
810 1785 850 1824 ne
866 1762 982 1849 saepius
999 1762 1224 1827 intermittere·
1314 1797 1316 1800 ⁴

147 1882 251 1975 opus
265 1876 453 1949 cogeretur,
468 1876 616 1942 exutam,
631 1885 707 1926 cum
724 1863 800 1950 ipsis
815 1865 1022 1928 vermiculis
1014 1864 1160 1942 mjecisse
1176 1866 1210 1928 in

147 1961 289 2050 ignem
310 1962 358 2025 Et
370 1984 446 2051 ego,
471 1963 595 2050 inquit,
621 1964 763 2028 monitos
786 1967 860 2029 volo
877 1966 996 2047 victos,
1020 1990 1061 2030 ne
1079 1967 1211 2031 tertium

147 2064 365 2127 insanientes
389 2087 472 2152 opus
495 2064 648 2128 incendio
667 2066 842 2132 habeant.
864 2070 913 2131 lta
935 2067 1209 2155 depub0,quen1

145 2164 361 2228 certissimum
379 2164 548 2228 consulem
565 2165 634 2229 lore
654 2189 767 2230 omnes
785 2167 1006 2250 crediderant,
1028 2170 1073 2233 M.
1086 2172 1211 2237 Tullius

144 2265 188 2329 Μ.
198 2265 237 2328 F.
247 2270 285 2330 Α.
297 2265 339 2328 N.
357 2267 493 2346 Decula,
509 2268 570 2329 Cn.
582 2269 749 2332 Cornelius
764 2269 929 2334 Dolabella
948 2271 1063 2350 creati,
1087 2293 1207 2337 nomen
1293 2342 1296 2347 ,

142 2368 268 2446 verius,
292 2390 391 2454 quam
408 2366 599 2456 dignitatern
621 2371 807 2434 consulatus
825 2386 1038 2457 acceperunt:
1059 2394 1132 2435 nam
1152 2396 1207 2437 eos

141 2469 283 2534 dictator
309 2469 422 2558 viginti
450 2487 592 2557 quatuor
619 2471 808 2551 lictoribus,
836 2488 869 2535 ct
893 2495 1009 2561 magna
1034 2473 1205 2537 satellitum

141 2571 238 2636 turba
246 2571 399 2659 stipatus,
412 2587 571 2659 potestate
584 2572 679 2660 plane
695 2575 780 2662 regia
794 2574 1015 2662 praeminebat.
1024 2575 1122 2639 Initio
1138 2575 1206 2655 ejus

139 2675 216 2737 anni
240 2675 276 2737 L.
290 2673 459 2737 Cornelius
472 2673 557 2737 Sulla
578 2672 716 2737 dictator
734 2674 774 2739 de
791 2675 979 2740 Mithridate
998 2698 1074 2764 rege
1092 2676 1206 2741 trium·

138 2775 242 2862 pbum
260 2775 361 2839 duxit.
382 2778 420 2839 ln
441 2799 508 2862 quo
528 2774 609 2839 illud
624 2774 827 2840 laudabiliter
844 2777 884 2840 ab
901 2801 940 2841 eo
957 2777 1096 2857 factum,
1114 2779 1204 2864 quod

138 2900 248 2965 acque
266 2878 465 2965 triumphare
484 2877 524 2941 de
541 2877 664 2942 civibus
678 2878 799 2959 voluit,
816 2901 1003 2965 quanquam
1018 2878 1203 2967 ingentibus

136 3002 254 3044 eorum
270 2980 372 3068 copiis
390 2979 577 3067 prostratis3
600 2994 632 3043 et
650 3002 754 3066 quum
773 2981 854 3043 Asiae
874 2978 1069 3066 Graeciaeque
1086 2980 1203 3043 multas

135 3081 236 3145 urbes
259 3081 497 3160 transveheret,
523 3082 651 3144 nullum
672 3081 792 3163 civium
812 3104 1025 3146 romanorum
1045 3080 1201 3167 oppidum

136 3181 171 3245 iu
185 3204 223 3246 ea
237 3204 359 3271 pompa
374 3182 510 3269 spectari
526 3204 640 3269 passus
658 3198 716 3247 est.

181 3281 252 3348 XV.
265 3283 424 3346 Caeterum
438 3281 628 3372 magnificus
641 3298 795 3372 apparatu
807 3283 1002 3371 ferculisque
1017 3284 1202 3371 triumphus

135 3382 215 3464 luit,
229 3407 335 3471 quum
353 3385 436 3448 inter
450 3384 686 3472 opulentissimi
706 3384 789 3473 regis
805 3383 906 3471 spolia
923 3405 974 3446 res
991 3384 1138 3470 pretiose
1153 3385 1202 3448 vi-

134 3507 242 3573 suque
264 3509 343 3550 rarae
368 3486 466 3574 longo
490 3484 605 3550 ordine
630 3502 857 3574 portarentur3
881 3484 937 3548 sed
965 3484 1055 3547 nullo
1082 3484 1201 3564 majore

132 3603 329 3652 ornamento
347 3587 503 3651 illustrata
521 3610 641 3676 pompa
658 3605 724 3669 est,
744 3611 843 3675 quatu
863 3586 953 3674 quod
974 3601 1081 3650 tantus
1106 3585 1201 3649 nobi-

132 3688 332 3753 h'stirnorum
348 3689 493 3753 virorum
511 3713 682 3771 numerus,
699 3712 782 3777 quos
795 3713 814 3753 a
826 3690 965 3753 mariana
978 3687 1118 3751 factione
1131 3688 1202 3776 pul·

132 3789 392 3866 mandarent,
410 3791 443 3854 in
458 3792 551 3879 equis
570 3814 704 3856 currum
720 3790 788 3870 ejus
812 3790 1048 3877 sequebantur,
1064 3804 1200 3855 servato·

132 3912 200 3955 mm
215 3907 247 3956 ct
257 3907 384 3980 patrem
401 3893 597 3983 appellantes
616 3917 623 3957 ε
642 3893 696 3957 cui
712 3907 881 3979 accepturu
901 3890 1099 3971 referebant,
1115 3892 1202 3980 quod

130 3992 281 4081 adportat
298 3996 417 4081 patrioe
427 4043 438 4075 ,
461 3994 550 4082 quod
571 3992 740 4083 complexu
759 3993 991 4058 carissimorum
1005 3995 1198 4080 pignorum,

130 4095 361 4183 quoddamque
372 4099 532 4160 communi
545 4095 603 4161 illa
615 4095 684 4162 lucc
686 4094 887 4182 fruerentur.
901 4095 1005 4159 biduo
1021 4096 1200 4183 triumpha·

129 4196 177 4261 vit
191 4219 221 4261 a.
231 4196 264 4262 d.
279 4197 325 4260 IV
336 4214 370 4261 et
385 4200 431 4262 111
448 4197 599 4263 kalendas
618 4198 818 4264 februarias:
835 4199 938 4285 prima
958 4197 1012 4262 die
1035 4199 1199 4261 transtulit

162 4353 179 4421 ς
194 4356 267 4403 1111.
281 4355 339 4403 Nic.
352 4358 495 4404 Damasccn.
509 4357 575 4421 apud
587 4357 679 4406 Athen.
694 4356 787 4406 havi.
802 4383 837 4394 -
851 4359 902 4404 biv.
917 4358 982 4421 Epit.
996 4385 1028 4394 —
1043 4357 1148 4420 Appiam
1162 4381 1197 4391 —-

131 4437 195 4487 rtet.
210 4439 236 4486 in
254 4438 329 4486 Sulla.
350 4473 382 4484 .-
402 4439 499 4502 sm.
513 4440 544 4488 U.
556 4440 584 4489 C.
594 4441 661 4500 6713
675 4443 704 4489 A.
715 4443 743 4491 C.
756 4444 796 4488 8ι.
813 4466 844 4477 -
857 4440 955 4488 Pedicat.
972 4468 1005 4477 --
1021 4442 1072 4489 tir.
1086 4440 1150 4503 apa.
1165 4463 1197 4473 -

131 4521 191 4570 Eut.
205 4549 241 4560 -
256 4524 362 4587 Appiam
374 4524 472 4572 -vat
484 4525 552 4572 Max.
568 4525 604 4575 ΙΙ.
621 4525 645 4572 8.
