2670 5018
34 9 1242 379 u

141 737 186 811 58
210 745 279 812 JO.
295 741 490 810 FREINS.
506 740 640 809 SUPP.
658 745 712 811 IN
731 743 843 811 LOC.
860 743 955 811 ΜΒ.
974 744 1149 813 LXXIX.

140 861 264 924 obortis
282 858 545 939 difficultatibus,
568 882 671 948 quum
695 863 790 952 longe
807 863 918 927 omnia
940 864 1056 929 auxilia
1072 882 1197 944 essem,

139 961 280 1049 populus
297 959 430 1040 animis,
450 976 580 1025 senatus
598 963 751 1043 consilio,
764 963 969 1052 magistratus
986 967 1198 1049 auctoritate,

120 1076 123 1084 ·
140 1061 313 1126 concordia
328 1082 441 1125 omncs
456 1059 687 1145 deficerentur3
700 1066 871 1153 multoque
881 1066 955 1153 plus
965 1065 1084 1130 virium
1099 1066 1198 1133 divisa

139 1164 173 1225 in
187 1179 291 1252 partes
303 1164 406 1226 Roma
421 1163 571 1244 baberet,
587 1186 655 1252 quo
665 1184 701 1229 se
714 1166 928 1254 opprimeret,
943 1184 1041 1254 qtrarn
1058 1190 1126 1257 quo
1142 1156 1199 1234 de·

139 1264 335 1329 fendenetur.
350 1266 427 1328 Haec
442 1265 597 1330 nimirum
613 1267 666 1331 illa
684 1278 733 1331 est
746 1288 881 1331 romana
895 1268 1091 1362 respublica,
1107 1271 1200 1352 cujus

140 1366 397 1455 magnitudinem
417 1388 531 1432 omnes
554 1369 734 1449 mirantur,
754 1386 788 1434 et
809 1369 1037 1435 solertissimus
1060 1373 1200 1460 quisque

140 1469 237 1533 rebus
254 1470 320 1533 suis
335 1470 459 1556 optime
477 1468 665 1534 consultum
681 1470 890 1548 existimaret,
906 1470 933 1533 si
949 1468 991 1533 ad
1001 1468 1116 1534 eadem
1131 1492 1203 1560 pen

139 1570 249 1634 venire
267 1572 442 1634 sineretur!
562 1578 566 1590 '

181 1670 330 1735 XLVIII.
349 1670 526 1734 Enimvero
544 1692 705 1758 nusquam
728 1671 900 1736 illustriora
923 1671 1120 1738 documenta
1144 1696 1201 1739 ex·

139 1772 309 1853 stiterunt,
323 1792 422 1861 quarn
439 1771 520 1836 nihil
535 1772 577 1836 sit
589 1773 622 1836 in
636 1772 754 1861 opibus
767 1789 864 1861 atque
880 1773 1042 1861 potentia,
1058 1772 1201 1861 bellique

138 1874 258 1938 virtute
273 1873 369 1957 boni,
384 1874 411 1938 si
423 1873 557 1938 sciemia
573 1872 658 1938 desit
669 1873 793 1938 utendi.
811 1872 1098 1956 Quemadmodum
1112 1876 1202 1940 enim

140 1974 272 2037 Herculi
290 1973 411 2038 furenti
427 1974 525 2064 longe
540 1974 653 2040 luisset
667 1975 786 2056 satius,
804 1976 901 2040 armis
917 1975 1139 2063 membrisque
1153 1977 1203 2042 uti

139 2097 207 2138 non
229 2079 389 2164 potuisse,
411 2097 507 2164 quam
531 2076 662 2142 librasse
684 2099 813 2167 gravem
834 2077 974 2159 claram,
1000 2093 1034 2140 et
1050 2078 1202 2142 volucres

139 2177 283 2240 emisisse
298 2177 444 2267 sagittas,
463 2177 584 2266 quibus
599 2178 808 2267 semetipsum
822 2178 990 2242 carissimis
1008 2178 1202 2268 pignoribus

139 2279 308 2366 spoliaret;
333 2280 376 2343 ita
402 2280 520 2344 civitati
540 2294 668 2368 praestat
691 2281 819 2370 exiguas
842 2281 961 2344 habere
977 2281 1080 2362 vires,
1102 2303 1201 2368 quam

138 2381 360 2470 pregrandes,
376 2382 493 2468 quibus
510 2382 544 2445 in
561 2403 657 2446 suum
675 2383 808 2446 exitium
827 2381 985 2445 abutatur.
1010 2383 1080 2471 Ego
1097 2397 1202 2464 certe,

140 2483 167 2545 si
184 2481 281 2547 detur
294 2483 401 2571 optio,
419 2483 487 2563 ejus
503 2482 637 2546 civitatis
656 2483 732 2547 civis
747 2504 816 2547 esse
830 2482 964 2546 minime
977 2482 1110 2562 vellem,
1128 2504 1203 2570 quoe

140 2585 292 2672 gentibus
309 2584 463 2647 omnibus
481 2583 640 2672 imperare
661 2583 840 2664 diceretur3
858 2599 1011 2647 ceterum
1033 2605 1092 2669 per
1116 2584 1202 2647 inte·

138 2685 240 2748 stinos
261 2686 419 2749 tumultus
439 2685 561 2749 nemini
578 2709 714 2750 suorum
732 2688 866 2751 salutem
890 2702 987 2773 atque
1006 2684 1202 2774 dignitatem

140 2800 244 2849 tutam
256 2803 422 2874 praestare,
439 2787 489 2852 vel
506 2788 540 2850 in
556 2789 671 2853 boram
686 2805 804 2876 posset.
818 2790 921 2877 igitur
934 2787 1117 2853 concordiae
1132 2805 1203 2853 stu·

140 2887 285 2952 (lendum
311 2890 432 2969 fuerat,
456 2911 528 2976 quae
553 2911 620 2952 non
646 2889 706 2952 nisi
729 2889 850 2969 justitia
873 2902 906 2950 et
933 2887 1028 2950 bonis
1054 2885 1202 2950 moribus

142 2992 339 3055 continetur.

185 3093 301 3157 XLIX.
319 3094 362 3158 At
379 3115 439 3181 pro
457 3093 507 3157 bis
524 3092 658 3180 quidem
675 3092 797 3179 ubique
817 3112 907 3154 nunc
923 3087 1074 3176 perfidia,
1094 3087 1204 3174 perju-

141 3195 204 3275 ria,
219 3194 347 3277 sordes,
363 3196 516 3276 ambitio,
529 3196 624 3260 luxus
635 3194 791 3258 invaluit:
810 3191 930 3280 quibus
941 3189 1039 3252 rebus
1052 3188 1204 3251 homines

142 3295 221 3358 nihil
242 3295 346 3376 aliud,
364 3319 460 3382 quam
479 3296 594 3360 ledere
610 3312 642 3359 et
659 3293 747 3373 laedi,
767 3292 935 3356 docentur.
953 3291 1040 3378 Ergo
1055 3288 1108 3351 his
1124 3312 1205 3377 pro-

142 3395 235 3458 ximis
255 3397 366 3476 annis,
388 3396 514 3461 nullum
532 3396 635 3459 ferme
655 3410 724 3459 toto
745 3394 824 3457 orbe
846 3408 1003 3456 terrarum
1026 3391 1204 3477 imperium

141 3498 220 3578 fuit,
239 3497 330 3584 quod
349 3521 414 3561 non
433 3498 611 3561 sevissimis
630 3495 773 3558 motibus
789 3509 1028 3559 concuteretur.
1046 3492 1089 3554 Et
1107 3493 1204 3557 sicuti

141 3600 275 3689 singulis
290 3600 477 3664 hominibus
499 3598 599 3662 facilis
618 3599 652 3660 in
672 3596 804 3660 morbos
820 3619 859 3661 ex
874 3596 963 3659 bono
981 3595 1127 3681 corporis
1144 3594 1205 3657 ha·

142 3699 214 3762 bitu
226 3701 373 3764 transitio
389 3716 455 3781 est,
470 3722 507 3763 ex
521 3699 603 3762 mala
613 3696 795 3761 valetudine
806 3698 839 3760 in
852 3695 1108 3760 commodiorem
1120 3718 1205 3784 tegre

142 3801 351 3866 eluctemur:
376 3804 438 3882 ita,
463 3799 608 3889 quidde
633 3799 777 3864 moribus
803 3799 899 3878 hujus
921 3796 978 3858 atri
1002 3794 1206 3882 sperandum

140 3901 304 3984 videatur,
329 3906 406 3968 nolo
429 3902 576 3967 ominari.
599 3904 695 3968 Certe
714 3923 828 3990 parum
852 3897 958 3976 abest,
983 3894 1064 3982 quin
1087 3897 1207 3983 optimi

142 4005 264 4091 quique
287 4005 576 4093 sapientissimique
604 4002 863 4091 desperaverint,
891 3993 1022 4084 quando
1050 3994 1117 4073 jam
1145 3997 1207 4060 soli

143 4102 314 4190 deponunt
327 4106 477 4194 imperia,
491 4105 548 4191 q'ui
564 4104 624 4168 soli
637 4104 788 4186 fortasse,
806 4101 832 4164 si
845 4100 914 4162 hec
930 4096 1147 4161 emendabilis
1158 4120 1209 4162 rc·

143 4207 421 4294 runtpublicarum
436 4206 513 4269 vitia
526 4206 651 4283 forent,
670 4202 842 4267 emendare
858 4198 1052 4286 potuissent.

179 4368 195 4433 s
210 4371 657 4431 xtv11.u.c.oss;s.c.s7.-
671 4368 687 4434 s
700 4367 815 4417 rursu
822 4364 926 4414 trusos.
939 4363 1017 4411 suta.
1029 4364 1079 4415 ns.
1091 4364 1115 4410 s.
