2670 5018
140 751 187 823 68
279 813 282 818 .
331 752 398 821 JO.
424 750 761 822 FRElNSHEMll
792 750 1034 821 SUPPLEM.

145 877 227 958 lem,
247 875 370 939 remissi
386 889 480 954 sunt;
500 893 608 960 neque
624 872 727 937 multa
744 872 782 936 iis
799 871 950 935 mandata
965 870 1033 935 dari
1050 873 1216 960 tempesti-

91 973 93 976 ⁴
145 1001 224 1042 vum
242 977 304 1041 fuit
316 1000 323 1040 ε
337 975 371 1040 id
385 997 492 1039 unum
506 974 627 1052 Cinna,
643 990 682 1039 ut
695 973 837 1065 caedibus
851 988 1109 1062 temperaturum
1120 973 1211 1054 jura-

147 1097 213 1161 ret,
231 1078 423 1167 rogabatur:
437 1077 490 1141 ille
503 1075 612 1156 jurare
628 1097 687 1164 per
702 1076 886 1165 superbiam
902 1074 1035 1156 abnuit,
1052 1098 1087 1140 se
1103 1091 1210 1141 umen

146 1182 308 1245 volentem
328 1178 457 1272 negavit
472 1179 624 1265 cuiquam
641 1178 756 1243 mortis
773 1198 902 1242 causam
918 1178 999 1242 fore.

150 1362 152 1369 γ
190 1280 311 1344 XXIV.
332 1279 505 1343 Octavium
526 1279 641 1362 etiam,
664 1280 722 1367 qui
746 1279 913 1343 circumita
927 1277 1016 1342 Urbe
1037 1300 1097 1367 per
1116 1278 1211 1344 aliam

144 1398 271 1470 portam
293 1397 361 1445 erat
380 1379 561 1470 ingressus,
586 1380 712 1445 moneri
728 1381 842 1464 jussit,
863 1379 1039 1445 abstineret
1058 1380 1211 1470 publico,

144 1505 187 1546 ne
204 1481 284 1570 qnid
298 1482 327 1545 ei
344 1503 378 1545 se
394 1481 496 1544 invito
513 1481 681 1546 accideret.
698 1482 776 1546 Haec
796 1472 925 1547 deloco
944 1481 1126 1570 superiore,
1142 1498 1213 1547 tan·

140 1606 244 1673 quam
267 1582 399 1659 consul,
423 1582 533 1672 legatis
555 1580 734 1671 respondit.
760 1581 810 1646 Ad
833 1583 982 1646 curulem
1004 1583 1073 1664 ejus
1089 1582 1212 1647 Marius

144 1685 293 1750 adstabat
313 1683 447 1766 tacitus3
470 1681 528 1746 sed
546 1704 586 1746 eo
602 1683 713 1763 vultu,
731 1698 770 1746 ut
789 1682 871 1755 nihil
889 1681 979 1746 aliud
994 1704 1093 1770 quam
1106 1682 1214 1748 vindi·

147 1803 232 1850 ctam
244 1801 277 1849 et
288 1783 390 1848 caedes
402 1781 548 1848 meditari
562 1799 739 1871 appareret.
751 1784 868 1870 Neque
880 1783 1021 1846 multum
1032 1784 1213 1849 intercessit

146 1909 263 1967 moras,
282 1886 362 1972 quin
386 1900 517 1949 senatus
532 1883 638 1948 verbis
656 1885 762 1948 Cinna
778 1899 878 1972 atque
895 1884 1018 1948 Marius
1038 1885 1073 1948 in
1089 1884 1212 1951 Urbem

141 1988 255 2053 venire
277 2000 479 2078 rogarentur.
499 1984 640 2050 Marium
660 1985 749 2049 enim
772 1984 890 2049 diserte
912 1984 1121 2070 addiderant,
1144 2011 1211 2052 non

140 2093 267 2182 ignari,
283 2092 396 2156 Cinnae
414 2089 547 2179 quidem
565 2111 685 2152 nomen
704 2088 755 2152 his
774 2087 866 2152 factis
883 2087 1038 2171 obtendi,
1059 2105 1210 2169 caeterum

142 2193 352 2282 potissimum
368 2213 483 2256 eorum
502 2206 669 2255 auctorem
681 2189 821 2253 Marium
837 2211 916 2255 esse.

188 2294 292 2358 XXV.
311 2293 424 2377 Quum
439 2292 481 2357 ad
492 2291 615 2356 Urbem
630 2306 785 2372 ventum,
804 2305 838 2354 et
855 2290 959 2355 Cinna
975 2313 1052 2354 curu
1067 2291 1210 2356 satelliti·

145 2395 207 2459 bus
228 2395 392 2483 ingressus
413 2408 517 2474 esset,
533 2392 656 2456 Marius
676 2391 821 2456 substitit
836 2391 877 2455 ad
891 2407 1037 2479 portam,
1053 2409 1104 2475 et,
1121 2416 1210 2459 acer·

143 2497 224 2559 bum
250 2495 441 2577 subridens,
464 2493 624 2558 exsulibus
640 2507 750 2581 patere
773 2493 897 2558 adelam
922 2494 1060 2583 negavit.
1084 2494 1210 2560 Idcirco

146 2598 249 2662 Cinna
269 2620 402 2686 operam
420 2595 537 2677 dante,
555 2595 605 2659 lex
627 2595 667 2659 de
687 2594 896 2660 restituendis
918 2596 1083 2660 exsulibus
1101 2596 1210 2661 statim

143 2699 219 2763 ferri
243 2698 338 2786 coepit
356 2721 364 2762 :
382 2719 489 2784 neque
514 2697 599 2761 ultra
623 2713 862 2786 exspectatum,
887 2720 985 2785 quam
1007 2714 1046 2762 ut
1067 2713 1132 2762 tres
1152 2715 1210 2763 aut

142 2816 283 2887 quatuor
295 2798 399 2863 tribus
411 2798 564 2888 suffragia
577 2796 718 2879 ferrent,
733 2815 804 2862 turn
818 2799 936 2888 irrupit
945 2799 980 2862 in
989 2799 1112 2863 Urbem
1121 2801 1211 2865 velut

144 2916 292 2988 captain,
316 2899 594 2988 fugitivorumque
621 2898 784 2965 delectum
812 2923 927 2990 agmen
950 2901 1099 2982 trahens,
1126 2923 1210 2989 quos

143 3003 311 3066 Marianos
323 3001 518 3090 appellabat,
534 3001 674 3067 caedibus
687 3019 784 3090 atque
799 3003 920 3092 rapinis
931 3003 1042 3067 omnia
1053 3003 1209 3068 vastavit:

143 3104 211 3168 aliis
239 3126 371 3191 quoque
395 3103 497 3191 portis
523 3102 681 3168 exercitus
709 3102 913 3167 inundabant
936 3102 1078 3184 Urbem,
1103 3104 1210 3191 iisque

144 3228 220 3267 mox
232 3204 387 3284 occlusis,
403 3202 677 3286 adversariorum,
694 3220 727 3267 et
742 3204 805 3268 sub
819 3204 1040 3287 hocnomine,
1053 3227 1211 3292 quorum·

145 3328 286 3391 cumque
302 3304 471 3387 volebant,
488 3304 604 3369 domos
623 3304 828 3394 diripiebant.

186 3404 305 3468 XXVI.
334 3406 403 3467 lam
430 3421 605 3493 antequam
636 3405 670 3468 in
694 3406 817 3469 Urbem
842 3407 965 3471 Marius
993 3409 1208 3496 irrumperet,

143 3507 205 3571 Cn.
223 3506 375 3570 Octavius
393 3506 540 3571 sublatus
564 3504 713 3570 emedio
732 3508 847 3572 fuerat.
864 3508 986 3573 Amicis
1003 3507 1115 3596 fugam
1135 3531 1209 3573 sua·

143 3606 313 3689 dentibus,
328 3608 395 3672 sive
407 3608 500 3672 Marii
515 3607 692 3694 Cinnoequc
701 3607 814 3686 juratis
827 3611 994 3697 promissis
1008 3608 1129 3691 fidens,
1144 3612 1209 3675 sive

143 3709 249 3797 potius
268 3709 477 3796 haruspicum
494 3708 644 3774 ludibriis
670 3724 833 3790 retentus,
856 3733 954 3798 quam
975 3712 1009 3773 in
1031 3711 1208 3776 vanitatem

143 3810 275 3895 proclivi
300 3810 487 3874 credulitate
504 3809 632 3899 agebat,
648 3810 683 3873 in
698 3809 880 3875 Ianiculum
896 3832 971 3875 cum
992 3810 1116 3897 aliquot
1133 3813 1208 3876 illu·

142 3908 262 3972 stribus
281 3910 357 3973 viris
379 3926 419 3973 et·
436 3927 527 3999 parte
549 3912 715 3999 copiarum
739 3913 906 3977 concessit.
929 3911 1104 3998 Indignum
1124 3916 1209 3977 enain

142 4023 238 4097 atquc
258 4025 346 4099 turpe
352 4007 491 4096 facimts
511 4011 617 4076 aiebat
631 4035 663 4076 se
676 4018 910 4078 commissurum
923 4035 1002 4093 esse,
1022 4015 1051 4076 si
1062 4017 1209 4101 patrt'am

142 4110 303 4176 consulam·
321 4112 448 4199 imperio
461 4113 619 4200 preditus
636 4114 794 4180 desereret.
814 4115 919 4204 Igitnr
938 4116 1030 4179 illurn
1052 4117 1128 4182 sella
1148 4140 1206 4181 cu·

143 4211 226 4293 ruli,
253 4212 457 4302 magistratus
483 4212 620 4303 insignia
645 4217 863 4297 retinentem,
889 4215 1091 4283 adstantibus
1115 4219 1207 4300 juxta

176 4425 304 4492 sxxm.
316 4415 854 4493 oroaoe.·puar·10·.-vut11,'n.-
865 4431 973 4498 Appen.
986 4459 1021 4470 -
1038 4431 1207 4484 rinmu-

124 4508 127 4513 ’
139 4508 155 4574 s
169 4511 264 4559 mv.
273 4509 336 4558 Vell.
347 4512 386 4569 11,
400 4527 441 4560 ar.
453 4538 487 4550 -
498 4512 621 4564 Plutarch.
632 4539 668 4552 -·
676 4514 733 4564 Dio.
747 4540 783 4553 -·
793 4513 901 4581 Appias.
