2670 5018
229 696 287 766 IN
322 696 434 765 LOC.
460 696 552 764 LIB.
578 696 764 765 LXXXII
794 695 1009 767 LIVlANl.
1088 691 1159 767 105
1243 640 1248 649 ·

79 817 194 884 bandis
217 818 363 883 denariis
385 816 569 907 (octoginta
591 832 733 904 quatuor
755 838 773 878 e
791 816 875 881 libra
897 817 1015 908 signari
1030 818 1156 899 justum

78 922 163 1010 erat)
182 922 312 986 tribuni
329 920 434 1010 plebis
457 921 561 1009 legem
576 918 836 1013 promulgaturi,
852 934 891 982 ut
907 943 957 983 res
973 922 1157 985 nummaria

79 1022 118 1086 de
131 1024 307 1087 communi
324 1021 485 1086 sententia
501 1022 773 1101 constitueretur,
789 1020 963 1110 collegium
979 1039 1164 1121 praetorum!
1261 1083 1265 1089 .

80 1123 317 1190 adhibuerunt.
337 1122 402 1189 Sed
430 1121 574 1186 edictum
601 1122 820 1187 communiter
842 1124 1065 1212 conscriptum
1087 1126 1159 1190 Ma-

80 1227 147 1290 rius
168 1225 380 1291 Gratidianus
399 1241 536 1314 praetor,
557 1241 594 1289 ut
613 1247 746 1288 omnem
769 1225 883 1312 populi
902 1228 1045 1290 favorem
1066 1227 1100 1289 in
1121 1250 1157 1292 sc

81 1345 258 1410 averteret,
282 1330 404 1394 caeteris
422 1352 461 1393 ex
476 1328 658 1416 composito
674 1327 937 1416 pomeridianum
955 1344 1085 1417 tempus
1105 1352 1159 1393 ex·

82 1429 323 1518 spectantibus,
337 1431 446 1494 statim
461 1429 654 1493 asubselliis
669 1429 711 1492 ad
722 1431 840 1494 Rostra
855 1431 1076 1511 contendens,
1096 1453 1158 1495 suo

83 1533 181 1596 unius
197 1533 334 1598 nomine
350 1533 523 1622 proposuit
540 1555 547 1594 :
564 1547 717 1619 tantaque
730 1533 809 1622 legis
826 1533 895 1612 ejus
911 1534 1011 1622 gratia
1028 1533 1105 1614 fuit,
1120 1549 1160 1597 ut

84 1657 140 1722 per
149 1658 267 1699 omnes
278 1635 366 1699 vicos
376 1636 406 1698 ei
416 1650 545 1716 statuae,
557 1650 589 1697 et
597 1633 639 1697 ad
651 1657 703 1697 eas
715 1635 791 1699 thus
804 1651 835 1698 et
847 1637 931 1699 cerei
943 1652 1156 1723 ponerentur.

126 1735 249 1800 XXIV.
268 1736 356 1800 Cnaei
379 1758 513 1824 quoque
537 1737 707 1823 Pompeii,
730 1737 787 1824 qui
814 1753 926 1824 postea
950 1738 1089 1826 Magnus
1109 1753 1158 1802 est

84 1838 278 1925 appellatus,
290 1837 451 1918 judicium
466 1837 553 1902 idem
571 1859 677 1901 annus
694 1837 819 1902 habuit.
836 1839 1010 1904 Peculatus
1027 1855 1096 1904 erat
1112 1839 1157 1904 ob

86 1938 168 2002 furta
184 1940 355 2005 Strabonis.
369 1941 568 2029 postulatus,
587 1956 621 2003 et
637 1938 728 2027 quod
743 1940 777 2003 in
796 1942 947 2005 asculana
964 1942 1099 2005 victoria
1116 1943 1158 2005 li·

85 2039 159 2105 bros
174 2058 207 2105 et
220 2042 329 2133 plagas
344 2042 524 2105 venatorias
539 2063 676 2104 munere
691 2041 789 2129 patris
806 2058 981 2129 acceperat.
996 2043 1160 2106 Dixerunt

85 2165 143 2230 pro
164 2144 324 2231 Pompeio
339 2144 380 2226 Q
394 2143 607 2223 Hortensius,
624 2159 658 2207 et
673 2144 708 2206 L.
719 2141 890 2230 Philippus
906 2143 972 2223 jam
990 2165 1106 2226 senex,
1123 2166 1158 2208 sc

87 2265 150 2307 non
173 2245 357 2326 immerite,
378 2266 481 2332 quum
502 2244 544 2306 sit
565 2244 756 2331 Philippus,
777 2243 952 2308 Alexandri
972 2245 1159 2309 studiosum

86 2367 169 2427 csse,
186 2345 354 2427 dictitans5
371 2343 463 2433 quod
479 2343 543 2424 jam
563 2343 597 2409 id
615 2368 773 2414 nomena
790 2347 901 2410 multis
916 2347 1076 2435 Pompeio
1095 2349 1157 2411 im·

85 2449 161 2534 poni
183 2465 336 2536 coeperat.
356 2448 433 2537 Egit
453 2462 486 2511 et
504 2470 565 2536 pro
585 2470 620 2510 se
639 2448 816 2535 Pompeius
837 2448 882 2510 ita
900 2465 1105 2540 constanter,
1126 2465 1160 2514 et

87 2565 200 2636 praeter
216 2566 344 2614 aetatem
355 2549 493 2628 diserte,
511 2566 549 2613 ut
562 2566 747 2613 commotus
760 2572 797 2613 ea
808 2572 843 2612 re
854 2567 974 2638 praetor
981 2553 1158 2634 Antistius,

87 2651 140 2738 qui
153 2650 316 2732 judicium
338 2652 528 2734 exercebat,
545 2649 643 2715 filiam
660 2652 688 2714 ei
709 2668 850 2740 nuptum
867 2652 1012 2718 offerret.

127 2752 235 2816 XXV.
252 2754 391 2841 Accepta
407 2750 613 2833 conditione,
630 2753 806 2841 Pompeius
826 2777 929 2842 quum
947 2779 1068 2843 paucos
1085 2773 1159 2844 post
1218 2813 1220 2816 Α

87 2852 152 2918 dies
176 2855 418 2934 absolveretur,
443 2878 461 2918 a
484 2855 609 2943 populo
629 2856 848 2920 Thalassionis
865 2858 1076 2921 inclamatum
1098 2880 1160 2922 no·

88 2979 160 3020 men
184 2972 251 3037 est,
273 2956 363 3044 quod
386 2973 458 3020 tum
482 2957 569 3020 inter
592 2957 800 3023 festivitatem
823 2961 1012 3047 nuptiarum
1036 2960 1161 3024 solebat

88 3058 252 3123 celebrari.
269 3058 451 3123 Plurimum
471 3075 581 3123 tamen
602 3059 632 3123 ei
651 3060 825 3124 CnCarbo
842 3078 1000 3150 patronus
1017 3063 1160 3151 profuit,

88 3183 202 3250 magna
226 3177 297 3225 tum
318 3162 482 3250 potentia,
505 3162 599 3242 cujus
616 3163 776 3226 acerrimo
800 3162 930 3245 studio,
950 3181 1050 3252 atque
1070 3166 1159 3229 enisa

88 3287 183 3353 opera
202 3265 359 3329 defensus
376 3283 434 3330 est.
451 3266 535 3329 Asiae
549 3264 668 3328 deinde
685 3281 719 3329 et
734 3267 865 3330 Groeciae
881 3267 964 3331 bella
983 3269 1161 3355 respicien-

88 3366 173 3431 tibus
191 3390 260 3431 non
280 3368 380 3456 magis
397 3367 499 3431 bostis
513 3366 734 3449 Mithridates,
750 3391 848 3456 quam
865 3367 1043 3457 imperator
1054 3362 1160 3450 Sulla,

89 3470 204 3532 terrori
226 3485 305 3533 erat.
332 3470 436 3558 Igitur
462 3468 498 3533 lit
523 3471 862 3552 senatusconsultum,
892 3494 958 3559 quo
983 3472 1021 3534 L.
1039 3471 1159 3535 Flacco

88 3569 211 3634 consuli
223 3569 341 3634 bellum
359 3571 609 3636 mithridaticum
624 3589 656 3634 et
671 3571 808 3659 legiones
825 3573 900 3636 duee
913 3572 1160 3637 decernuntur:

88 3668 269 3753 adjectum,
286 3685 323 3734 ut
333 3673 484 3760 siquidem
500 3675 532 3736 in
543 3685 701 3762 potestate
713 3685 839 3737 senatus
855 3672 949 3736 Sulla
962 3687 1052 3755 esset,
1069 3673 1163 3764 uffa·

89 3786 154 3836 tore
165 3773 242 3853 illm
259 3777 310 3837 sin
327 3797 418 3855 vero,
436 3791 593 3864 tauqtmm
606 3777 694 3840 hoste
708 3791 853 3840 uteretur.
867 3778 943 3840 llaec
960 3775 1070 3841 audita
1088 3797 1161 3841 mo-

90 3891 206 3938 verunt
221 3875 361 3958 Sullam,
382 3877 466 3940 utin
484 3879 680 3942 Thessaliam
698 3877 841 3942 duceret.

131 3978 253 4042 xxvl.
260 3979 350 4042 Inter
359 3979 428 4043 baec
436 3981 613 4046 Archelaus
621 3997 786 4069 acceptam
795 3997 880 4045 terra
890 3981 1163 4061 cladem,utcum·

90 4101 151 4165 que
173 4081 346 4145 maritimis
363 4081 627 4171 expeditionibus
648 4083 806 4165 sarciens,
821 4084 1023 4171 archipiratae
1038 4085 1161 4172 magis,

75 4362 78 4369 Ι
121 4304 136 4370 ς
153 4309 252 4356 xxtv.
272 4309 359 4357 Senec.
379 4308 410 4356 de
426 4311 481 4370 ln,
498 4312 549 4368 111,
569 4311 609 4358 18.
624 4337 659 4350 -
674 4309 798 4360 Plutarch.
815 4311 842 4357 iu
859 4310 995 4374 Pompeio,
1015 4326 1069 4375 cap.
1085 4311 1109 4356 6.
1125 4335 1160 4344 —-

89 4391 137 4440 cte.
147 4394 175 4442 in
187 4395 282 4453 omo,
295 4409 351 4458 cap.
362 4394 405 4449 64.
415 4422 449 4432 -
462 4392 479 4459 S
491 4396 576 4443 XXV.
585 4395 641 4443 vn.
654 4396 723 4444 Max.
734 4395 767 4454 V,
781 4396 809 4451 3,
821 4404 846 4443 et
859 4395 910 4453 vl,
925 4409 955 4452 a,
969 4395 993 4442 8.
1004 4422 1039 4432 -
1050 4393 1159 4458 Appisn.

88 4475 158 4525 civit.
167 4478 213 4528 lib.
223 4480 244 4525 1.
256 4504 293 4515 -
307 4478 436 4528 Memnon.
452 4506 488 4517 —
502 4477 626 4529 Plutarch.
961 4506 964 4512 ·
