2670 5018
262 713 318 782 IN
349 711 464 781 LOC.
491 713 587 781 LIB.
615 714 801 782 LXXXII
834 714 1053 786 LIVIANI.
1129 740 1190 788 101

118 849 190 897 tum
204 833 401 913 Archelaus,
417 856 514 920 quarn
530 833 683 921 iniquum
701 834 859 899 inlocum
875 857 909 900 se
925 835 1131 919 conjecisset,
1146 839 1196 903 in·

117 937 241 1000 tellcxit
256 960 263 1000 :
280 935 445 1024 equitibus
460 935 560 1025 igitur
576 937 723 1000 celeriter
736 937 910 1019 immissis,
923 938 1117 1005 inferentem
1128 941 1196 1022 jam

117 1041 212 1129 signa
224 1039 347 1103 Sullam
363 1039 556 1102 submovere
573 1054 709 1102 conatus
727 1054 785 1104 est.

163 1141 255 1205 XIII.
273 1140 338 1204 Sed
358 1140 443 1228 pulsi
467 1140 658 1229 inabrupta
680 1141 806 1229 equites
831 1163 948 1229 parum
970 1157 1026 1205 aut
1045 1142 1195 1209 hostibus

117 1266 236 1324 morse,
253 1259 311 1306 aut
329 1243 395 1306 suis
413 1242 553 1332 praesidii
568 1244 758 1308 attulerunt.
777 1244 903 1307 Iterum
921 1241 963 1307 ad
978 1266 1194 1334 perrumpen-

117 1341 193 1407 dam
208 1345 434 1408 Romanorum
455 1345 558 1409 aciem
577 1345 742 1435 sexaginta
763 1367 880 1410 currus
902 1345 1008 1409 falcati
1025 1369 1193 1437 processe·

117 1444 286 1510 suntsed
304 1447 461 1533 quoniam
480 1446 568 1526 justo
585 1447 707 1535 spatio,
725 1445 816 1534 quod
833 1446 972 1510 maxime
993 1446 1195 1513 concitandis

116 1572 194 1612 cum
226 1549 353 1637 impetu
377 1548 542 1639 quadrigis
571 1549 788 1613 necessarium
813 1564 880 1631 est,
907 1547 1192 1630 destituebantur3

115 1649 202 1713 lente
220 1650 367 1714 invectos
383 1651 523 1715 Romani
545 1649 690 1715 diductis
713 1650 884 1714 ordinibus
907 1673 984 1714 cum
1006 1651 1141 1738 plausu,
1160 1654 1200 1716 et'

116 1767 270 1838 tanquam
292 1752 328 1814 in
350 1752 486 1816 circensi
511 1752 639 1817 ludicro
664 1753 744 1817 alios
767 1753 988 1842 postulantes,
1011 1752 1082 1817 sine
1108 1775 1193 1818 noxa

117 1853 386 1917 transmiserunt:
401 1854 458 1917 ubi
473 1854 554 1918 dum
569 1856 711 1935 haerent,
725 1855 816 1919 haud
832 1855 922 1919 molli
937 1854 980 1919 ad
995 1871 1192 1919 converten-

116 1953 195 2017 dum
214 1952 317 2034 flexu,
335 1956 411 2042 equi
427 1972 460 2019 et
475 1958 594 2045 aurigae
610 1979 629 2019 a
645 1957 797 2020 subsidiis
813 1959 1038 2021 Romanorum
1055 1957 1191 2045 impune

115 2071 192 2118 snnt
211 2057 282 2119 telis
299 2056 422 2121 obruti.
441 2058 493 2121 Sic
510 2080 645 2146 quoque
665 2059 829 2147 integrum
849 2059 1008 2123 Archelao
1030 2074 1118 2138 erat,
1136 2081 1191 2123 ca·

114 2174 257 2221 strorum
274 2159 516 2224 munitionibus
536 2182 572 2224 se
591 2160 692 2241 tueri,
710 2176 743 2223 et
762 2161 958 2224 subeuntem
975 2160 1016 2224 ad
1033 2159 1190 2248 impedita

113 2259 253 2337 Sullam,
266 2260 337 2347 pari
348 2261 498 2325 locorum
509 2261 622 2325 fraude
633 2262 807 2325 involvere.
823 2259 887 2325 Sed
899 2260 966 2342 ille,
981 2283 1190 2348 quacumque

116 2361 248 2425 tandem
263 2385 362 2427 causa
377 2363 470 2450 (nam
487 2380 521 2427 et
537 2379 628 2439 tum,
645 2380 678 2427 et
695 2379 806 2451 postea
820 2361 906 2426 varie
919 2361 1106 2427 dubitatum
1123 2362 1188 2448 est)

114 2463 252 2529 educere
263 2487 341 2529 suos
355 2465 484 2546 maluit,
496 2481 543 2547 et,
556 2466 713 2554 quoniam
723 2466 756 2528 in
769 2465 956 2554 propinquo
965 2464 1031 2544 jam
1041 2464 1188 2529 Muraena

114 2584 198 2649 erat,
218 2567 434 2655 constipatam
448 2568 483 2630 in
499 2567 657 2656 angustiis
671 2564 916 2630 multitudinem
931 2566 1087 2630 conl'ertis
1099 2565 1188 2631 ordi·

115 2669 210 2734 nibus
227 2691 407 2759 opponere.

157 2772 246 2837 XIV.
265 2770 465 2855 Quindecim
483 2792 652 2835 servorum
669 2769 787 2851 millia,
803 2769 861 2856 qui
878 2769 920 2832 ad
937 2770 1130 2857 promissam
1146 2769 1187 2833 li·

113 2875 272 2938 hertatem
288 2874 384 2963 regiis
398 2873 544 2962 partibus
558 2894 593 2936 se
607 2871 837 2953 adjunxerant,
854 2871 890 2934 in
907 2871 1014 2934 fronte
1029 2872 1186 2960 porrectis

114 2974 212 3040 hastis
226 2976 366 3040 stabant.
383 2974 541 3054 Romani,
558 2972 739 3037 Saturnalia
754 2973 823 3037 haec
842 2995 911 3036 esse
928 2974 1186 3056 conclamantes,

112 3075 254 3166 gladios,
270 3076 403 3156 abjectis
424 3077 587 3163 extemplo
607 3075 698 3163 pilis,
717 3074 758 3138 ad
772 3073 926 3139 caedenda
943 3076 1069 3140 hastilia
1085 3077 1186 3141 strin-

113 3193 240 3241 xerunt.
256 3176 321 3241 Sed
334 3177 409 3265 quia
424 3177 468 3240 ob
484 3176 603 3239 densos
621 3175 767 3239 hostium
786 3175 918 3241 ordines
933 3177 1024 3241 tarde
1039 3200 1091 3242 res
1106 3201 1186 3266 pro·

113 3278 268 3360 cedebat,
292 3278 455 3343 subducta
478 3277 566 3367 gravi
590 3292 770 3356 armatura,
793 3277 905 3342 velites
929 3277 1066 3341 immissi
1090 3294 1185 3362 sunt,

112 3396 280 3470 totamque
296 3381 384 3444 illam
399 3381 501 3444 aciem
518 3378 687 3468 glandium
707 3380 914 3467 telorumque
933 3377 1091 3467 grandine
1110 3402 1187 3467 pro·

113 3481 297 3546 turbarunt.
321 3481 458 3545 Interim
482 3478 635 3544 dextrum
659 3503 797 3545 suorum
822 3504 927 3545 cornu
947 3481 992 3544 ita
1010 3481 1186 3546 Archelaus

112 3582 328 3670 produxerat,
344 3599 383 3647 ut
402 3583 588 3646 inclusurus
608 3604 782 3646 romanum
804 3603 921 3671 agmen
937 3578 1102 3644 videretur
1118 3605 1125 3646 ι
1141 3581 1196 3646 ibi'
1217 3601 1220 3605 ·

113 3683 213 3748 Galba
224 3701 258 3748 et
271 3685 467 3749 Hortensius
481 3685 599 3772 raptim
613 3684 721 3748 ductis
736 3684 945 3765 cohortibus,
962 3683 997 3747 in
1012 3683 1110 3748 latera
1126 3684 1188 3749 ho·

112 3786 210 3850 stium
221 3787 339 3852 facturi
351 3788 527 3875 impetum,
541 3803 770 3868 accurrerunt3
785 3786 842 3849 sed
856 3787 1011 3874 praevenit
1020 3809 1076 3850 eos
1089 3811 1187 3875 eque·

111 3887 183 3952 stris
202 3888 349 3951 hostium
367 3888 521 3977 procella,
543 3889 729 3976 sensimque
746 3887 935 3953 recedentes
957 3889 999 3952 ad
1013 3905 1187 3972 montana,

110 3990 281 4052 exclusita
298 4005 414 4052 caetero
433 3988 594 4071 exercitu,
614 3989 852 4078 submotolqne
874 3991 1099 4057 circumvenit
1117 3992 1187 4057 Ma·

111 4091 234 4155 timum
250 4114 288 4156 ea
305 4108 396 4180 parte
414 4091 597 4179 periculum
612 4109 701 4174 erat,
717 4091 807 4180 quod
821 4093 855 4156 in
872 4108 1051 4180 conspectu
1065 4094 1187 4158 Arche·

109 4193 167 4274 lai,
184 4215 260 4256 nam
276 4208 308 4256 et
324 4194 392 4280 ipse
406 4192 532 4275 aderat,
547 4192 681 4256 alacrius
699 4217 718 4256 a
734 4194 880 4258 Barbaris
897 4194 1112 4284 pugnabatur.

153 4295 224 4359 XV.
242 4293 369 4359 Idcirco
381 4294 487 4376 Sulla,
506 4294 563 4381 qui
581 4293 731 4358 nondum
752 4292 794 4358 ad
815 4294 1001 4375 conjectum
1016 4295 1071 4358 teli
1087 4316 1184 4358 vene·

144 4500 235 4566 sxn.
251 4500 361 4565 appan.
373 4528 407 4538 -
418 4499 611 4566 atnam-s
622 4502 695 4550 xnr.
707 4499 831 4549 alumen.
