2670 5018
265 795 320 863 IN
352 795 466 864 LOC.
494 795 585 860 LIB.
613 796 819 862 LXXXIII
850 797 1065 866 LIVIANI.
1135 797 1196 868 131

173 917 291 981 XXX.
305 919 350 980 At
365 937 518 978 romanus
533 915 691 978 exercitus
709 914 953 1005 indignabatur,
965 918 1054 1006 quod
1061 917 1202 985 dimissus

129 1043 147 1081 e
162 1017 311 1081 manibus
326 1040 387 1080 rea:
404 1018 542 1079 omnium
559 1017 758 1095 saevnsimus,
783 1019 964 1105 nominique
977 1041 1106 1083 romono
1119 1021 1202 1110 inse-

130 1124 293 1200 stissimus,
306 1133 452 1182 coactam
467 1141 511 1180 ex
525 1115 761 1205 opulentissimis
772 1120 861 1182 Asiae
871 1120 1045 1206 regionibus
1055 1135 1120 1184 toto
1128 1145 1205 1210 quo-

131 1224 278 1287 driennio
288 1221 438 1312 proedam
445 1269 454 1298 ,
477 1222 509 1282 in
516 1221 662 1309 patrium
674 1243 804 1308 regnum
816 1243 915 1308 sospes
928 1221 1149 1311 incolumisque
1159 1246 1206 1286 re·

129 1339 274 1415 portaret
279 1349 292 1403 ;
309 1323 433 1403 donec,
453 1321 606 1386 advocata
625 1322 800 1396 concione,
816 1320 959 1385 reddidit
970 1325 1096 1387 consilii
1114 1324 1208 1388 ratio·

135 1449 208 1488 nem
229 1424 341 1505 Sulla,
362 1423 560 1509 docuitque,
576 1426 603 1485 si
617 1422 850 1502 Mithridatem,
866 1447 949 1512 poce
967 1425 1144 1513 denegato,
1162 1425 1210 1488 ad

136 1527 284 1590 thbn'oe
292 1525 462 1614 petendam
476 1525 650 1586 amicitiam
661 1524 875 1611 compulisset,
891 1525 1134 1614 verdumsuisse
1141 1576 1151 1606 ‚
1172 1539 1209 1590 ut

136 1626 286 1689 ambobus
305 1629 383 1688 satis
397 1637 504 1714 posset
523 1626 683 1688 resistere:
703 1647 790 1688 nunc
813 1640 920 1689 amoto
949 1628 1034 1690 hoste
1057 1645 1206 1708 externo,

133 1752 238 1817 poenoe
247 1727 288 1790 de
297 1727 439 1790 seditioso
451 1728 515 1788 cive
526 1741 595 1790 tuto
608 1726 769 1790 suntemloe
780 1729 877 1790 otium
889 1751 960 1791 esse.
972 1728 1076 1807 Movit
1089 1729 1208 1794 deinde

139 1851 249 1893 versus
271 1828 446 1916 Thyatira,
462 1827 539 1908 ubi,
561 1828 672 1891 castris
688 1828 818 1916 positis,
835 1829 978 1892 Fimbria
996 1829 1207 1913 consederat;

140 1949 170 1995 et
193 1953 298 2019 quum
324 1928 365 1992 ad
389 1923 512 2021 passus
530 1928 689 1993 ducentos
712 1929 945 2018 quinquaginta
970 1947 1071 1995 castra
1099 1934 1208 1997 castris

141 2033 348 2112 contulisset,
362 2030 458 2111 jussit
473 2053 549 2094 eum
566 2030 704 2117 imperio
725 2028 861 2111 cedere,
882 2029 972 2117 quod
994 2048 1108 2095 contra
1125 2032 1210 2122 leges

142 2133 313 2197 obtineret.

182 2235 308 2297 XXXI.
325 2232 383 2297 Ille
396 2232 536 2295 vicissim
548 2230 702 2306 irridens,
715 2230 835 2294 Sullam
851 2232 960 2318 potius
975 2231 1089 2296 cedere
1097 2232 1210 2314 jussit,

144 2337 196 2424 qui
217 2336 321 2399 hostis
339 2349 423 2398 esset
437 2334 548 2422 patriae
562 2332 743 2412 judicatus:
761 2332 818 2396 sed
842 2333 899 2395 ubi
917 2332 1004 2396 Sulla
1019 2334 1211 2400 circumval-

144 2438 205 2500 lare
222 2451 323 2500 eastra
343 2432 511 2498 fimbriana
532 2435 646 2522 coepit,
669 2434 774 2497 crebri
790 2432 831 2496 ad
851 2456 926 2497 eum
947 2434 1065 2517 milites
1078 2437 1213 2501 transie-

145 2555 239 2620 runt,
253 2537 468 2622 Sullanosque
478 2535 512 2599 In
522 2557 620 2623 opere
629 2534 783 2599 faciundo
791 2533 994 2615 adjuverunt.
1010 2535 1116 2624 Igitur
1129 2539 1212 2602 Fim-

146 2639 211 2702 bria
232 2639 266 2701 in
288 2636 448 2701 concione
469 2636 609 2699 militum
630 2651 749 2699 sortem
771 2658 863 2698 suam
879 2637 1002 2723 prolixe
1022 2638 1212 2714 miseratus,

146 2757 232 2821 orat,
255 2763 296 2802 ne
317 2738 483 2816 deserant,
511 2761 604 2816 neve,
620 2760 712 2825 quem
736 2739 796 2824 ipsi
818 2739 1032 2826 imperatorem
1044 2738 1211 2827 ficissent,

147 2847 254 2929 optime
267 2840 307 2904 cle
323 2863 354 2902 se
368 2842 511 2902 meadum
525 2839 699 2916 honinem,
716 2839 803 2902 rebus
816 2839 975 2927 praeclare
990 2844 1099 2926 gostis,
1118 2843 1214 2908 milite

147 2946 263 3021 ditato,
287 2941 404 3031 injurio
418 2936 712 3029 officipoterentur.
732 2939 867 3002 Nullum
885 2939 1045 3003 infirmius
1061 2941 1102 3005 ad
1118 2942 1215 3007 fidens

148 3045 311 3109 vinculum
329 3060 396 3124 est,
415 3065 513 3130 quam
530 3041 620 3129 quod
637 3041 790 3104 societate
810 3041 968 3104 scelerum
985 3040 1214 3131 adstringitur,

150 3169 204 3210 nec
228 3142 319 3208 aliud
342 3144 437 3207 citius
461 3158 518 3205 aut
540 3141 728 3230 poenitentia
749 3142 987 3224 tolerabilium,
1010 3161 1066 3207 aut
1086 3144 1215 3209 levitate

151 3247 349 3334 perditorum
365 3243 532 3307 mutabile.

189 3347 329 3412 XXXII.
345 3345 387 3407 Et
399 3367 466 3407 non
480 3343 632 3422 deerant,
648 3343 704 3430 qui
720 3364 776 3428 spe
792 3346 999 3432 praemiorum
1014 3370 1032 3408 a
1049 3347 1135 3409 Sulla
1149 3370 1217 3411 cor·

151 3451 254 3538 rupti,
271 3464 403 3512 caeteros
417 3447 514 3512 etiam
529 3445 569 3508 ab
584 3443 743 3530 obsequio
756 3445 904 3508 Fimbriae
916 3447 1099 3511 avellerent.
1114 3448 1213 3536 Igitur

152 3552 265 3638 passim
278 3567 346 3613 tota
359 3549 517 3611 concione
532 3547 688 3610 clamores
701 3543 898 3626 audiuntur,
908 3562 1021 3609 contra
1033 3547 1117 3611 cives
1130 3570 1219 3612 arma

152 3673 277 3716 sumere
297 3649 497 3738 negantium.
520 3649 606 3710 Tum
625 3645 677 3708 ille
700 3644 741 3707 de
764 3646 915 3709 tribunali
935 3646 1103 3730 desiliens,
1123 3650 1220 3714 scissa

152 3752 278 3832 tunica,
297 3748 502 3837 singulorum
521 3745 660 3835 pedibus
682 3745 881 3810 advolvitur:
899 3747 932 3810 id
950 3771 1082 3836 quoque
1101 3750 1220 3817 frustra

153 3852 288 3933 iactum,
303 3867 461 3938 tantoque
475 3850 582 3938 plnres
595 3849 699 3937 palam
713 3849 967 3936 transfugerunt.
981 3849 1067 3939 Ergo
1078 3851 1220 3918 Fimbria

153 3956 358 4018 tribunorum
376 3953 668 4041 praefectorumque
681 3949 856 4012 circumitis
875 3950 1040 4032 tentoriis,
1055 3955 1221 4043 multaque

152 4058 285 4143 pecunia
309 4054 501 4133 distributa,
530 4073 633 4140 quum
660 4049 779 4114 iterum
805 4050 912 4113 vocari
936 4051 1129 4118 concionem
1150 4056 1221 4135 jus-

153 4159 258 4239 sisset,
276 4154 505 4236 jusjurandum
523 4177 541 4216 a
557 4152 719 4217 militibus
734 4153 860 4240 exigere
877 4152 982 4239 coepit.
1000 4154 1222 4222 Occlamatum

152 4255 383 4346 aquibusdam
409 4272 474 4338 est,
499 4254 686 4318 nominatim
706 4251 843 4340 singulos
868 4253 1106 4339 adjurantium
1129 4262 1227 4324 cison⁸

151 4375 300 4448 oportere.

182 4547 199 4612 S
212 4548 315 4596 xm.
329 4544 395 4594 Plut.
411 4571 442 4581 -
455 4545 562 4608 Appian.
574 4570 607 4579 -
617 4544 690 4590 Aust.
700 4542 731 4588 de
740 4544 794 4589 Vir.
807 4543 841 4589 ill.
853 4558 907 4607 cap.
920 4544 963 4603 69.
978 4570 1013 4579 -
1026 4544 1078 4592 Lir.
1090 4546 1155 4609 Epir.

1009 4661 1049 4728 9.
