2670 5018
143 796 210 864 alia
315 802 379 865 tt).
407 792 742 865 FREINSHEMII
774 793 1018 862 SUPPLEM.

142 935 206 980 tem
221 935 423 1005 occupasset,
443 937 461 979 a
475 915 663 981 Mithridate·
677 916 809 1005 pulsus,
823 914 994 1002 permulta
1011 927 1200 977 transcensu

141 1019 282 1083 difficilia
303 1035 391 1105 septa
414 1016 652 1083 Chalcedonem
673 1036 757 1107 egre
777 1014 915 1104 referet,
937 1012 1048 1077 multis
1072 1014 1107 1076 in
1131 1014 1199 1101 ipsa

142 1136 252 1204 porta,
270 1119 347 1181 dum
362 1119 498 1183 conferti
512 1134 747 1208 perrumpunt,
760 1116 831 1181 telis
848 1114 1062 1178 Barbarurum
1080 1114 1198 1179 caden-

143 1220 238 1282 tibus.
257 1221 347 1282 Metu
368 1218 484 1283 deinde
501 1220 616 1284 clausis
631 1220 752 1308 portis,
769 1214 886 1282 Nudus
904 1215 1002 1279 etalii
1015 1214 1137 1280 ducum
1151 1216 1200 1280 iu·

143 1320 238 1382 nibus
253 1318 404 1382 subducti
421 1336 514 1400 sunt;
533 1319 694 1407 reliquum
709 1320 826 1408 vulgus
839 1338 941 1405 quum
956 1317 1035 1380 hinc
1047 1316 1088 1381 ad
1103 1340 1200 1398 suos,

140 1420 216 1481 inde
232 1419 272 1482 ad
287 1421 414 1483 hostem
432 1420 592 1508 supplices
611 1442 726 1484 manus
746 1417 914 1501 tenderet,
938 1440 998 1482 nec
1020 1418 1107 1506 apud
1128 1419 1202 1483 illos

139 1520 274 1593 anxilio,
297 1543 356 1583 nec
374 1519 461 1607 apud
484 1520 574 1585 hunc
593 1519 810 1585 misericordia
830 1519 980 1602 inventa,
1001 1518 1198 1584 trucidatum

141 1638 199 1684 est.
221 1621 320 1684 lllillia
333 1622 478 1708 quinque
493 1620 672 1704 trecentos,
689 1636 721 1686 et
733 1622 767 1684 in
782 1620 833 1684 his
846 1622 881 1685 L.
896 1618 1053 1684 Manlium
1070 1635 1199 1684 senato-

140 1744 225 1799 rem,
239 1743 275 1783 ea
289 1721 392 1784 clades
406 1720 601 1809 absumpsit:
617 1721 657 1787 de
669 1721 846 1787 victoribus
855 1767 864 1802 ,
874 1723 1112 1802 Bastarnarum,
1121 1743 1200 1809 quo·

141 1846 212 1883 rum
232 1822 398 1909 singularis
419 1845 459 1885 eo
478 1823 589 1911 prtelio
610 1824 712 1887 virtus
735 1823 816 1904 fuit,
837 1821 986 1911 triginta3
1009 1839 1198 1887 caeterorum

139 1923 180 1984 ad
194 1924 413 2010 septingentos
426 1923 622 1988 ecciderunt.

183 2023 316 2087 XXVII.
340 2023 542 2088 Mithridates
569 2023 729 2089 utendum
755 2024 909 2101 fortuna,
937 2022 1042 2088 donec
1061 2022 1198 2112 propitia

140 2141 239 2204 esset,
258 2141 365 2203 ratus,
395 2124 509 2189 eodem
530 2125 582 2190 die
607 2127 739 2190 classem
764 2125 806 2190 ad
830 2141 962 2215 portum
986 2123 1199 2188 Chalcedonis

140 2224 292 2304 adduxit,
308 2241 526 2313 perruptaque
543 2242 654 2290 catena
668 2228 786 2310 ferrea,
801 2250 898 2314 quam
914 2226 1028 2290 consul
1045 2224 1199 2313 praetendi

138 2327 295 2406 jusserat,
313 2327 457 2412 praelium
484 2328 594 2391 navale
618 2327 799 2409 commisit,
818 2350 858 2392 eo
880 2348 1047 2405 successu,
1063 2339 1121 2408 ut,
1138 2326 1198 2389 ho·

142 2429 237 2488 stium
255 2444 328 2489 octo
347 2428 413 2490 fere
430 2428 570 2492 millibus
582 2424 782 2516 interemptis
795 2477 804 2511 ,
819 2445 959 2517 quatuor
971 2449 1067 2491 naves
1081 2427 1197 2508 injecto

143 2528 216 2613 igne
232 2544 455 2609 consumeret,
469 2529 607 2619 reliquas
621 2531 802 2619 sexaginta,
815 2553 889 2594 cum
900 2530 1045 2594 virorum
1058 2545 1198 2617 quatuor

142 2628 284 2690 millibus
305 2631 488 2717 quingentis
515 2647 641 2719 captas,
663 2630 808 2694 remulco
825 2630 966 2694 traheret
982 2629 1023 2693 ad
1041 2651 1099 2693 sua
1117 2652 1197 2718 pres·

141 2728 241 2806 sidia3
267 2752 372 2815 neque
392 2729 491 2794 Nudo
510 2731 613 2813 ultra,
631 2752 737 2818 neque
760 2732 856 2795 Cotta
874 2730 1127 2811 obsistentibus,
1143 2731 1198 2819 qui

143 2831 241 2891 muris
261 2831 371 2917 oppidi
389 2854 423 2895 se
438 2832 644 2895 incluserant.
667 2833 743 2895 Hoec
759 2829 878 2920 duplex
893 2847 976 2894 terra
994 2830 1140 2918 marique
1154 2831 1199 2895 vi·

140 2931 256 3010 ctoria,
270 2932 479 2995 vehementer
491 2949 524 2995 et
538 2954 616 3019 opes
631 2930 844 3012 Mithridatis,
861 2946 894 2994 et
907 2952 1027 2995 nomen
1039 2931 1138 2996 auxit.
1150 2931 1198 2995 Eo

141 3050 285 3117 tempore
302 3033 384 3093 circa
404 3033 592 3119 Sangarium
611 3053 740 3095 amnem
757 3047 858 3094 castra
878 3031 1031 3094 Lucullus
1050 3030 1196 3096 habebat.

141 3135 170 3192 ls
187 3132 300 3216 igitur,
319 3132 447 3218 cognita
464 3132 593 3220 collegat
608 3132 804 3212 calamitate,
820 3131 1003 3220 perculsum
1025 3133 1198 3197 exercitum

140 3232 344 3309 cohortatus,
361 3231 509 3317 protinus
524 3253 635 3295 versus
651 3230 887 3295 Chalcedonem
903 3248 1005 3296 (nstra
1021 3234 1133 3298 movit.

184 3333 336 3394 XXVIII.
360 3333 437 3394 Erat
457 3331 544 3419 apud
563 3354 638 3396 eum
660 3332 852 3415 Archelaus,
868 3333 926 3419 qui
946 3355 1051 3421 nuper
1066 3333 1108 3397 ad
1123 3332 1198 3398 Mu·

142 3456 259 3494 caenam
277 3456 295 3494 a
315 3430 502 3497 Mithridate
517 3435 750 3521 transfugerat,
765 3432 1002 3520 monebatque,
1020 3443 1074 3513 ut,
1090 3435 1198 3497 omisso

141 3556 227 3616 rege,
241 3534 385 3618 protinus
396 3535 429 3594 in
438 3534 574 3598 Pontum
586 3537 768 3620 irrumperet
772 3558 785 3613 ;
797 3535 844 3597 ad
852 3546 1045 3621 conspectum
1055 3535 1121 3623 q'us
1133 3558 1199 3599 om·

141 3636 194 3693 rem
212 3632 382 3714 dejectura.
402 3634 441 3696 ln
457 3634 542 3698 hanc
557 3635 748 3698 sententiam
767 3635 862 3723 proni
877 3634 993 3697 milites
1007 3650 1118 3716 erant,
1136 3656 1199 3698 non

140 3737 265 3795 (erectori
276 3748 398 3797 canerem
406 3737 612 3821 perniciosam
614 3733 720 3823 fieisse
735 3735 835 3801 Cottoe
847 3736 1047 3800 temen'tatem
1060 3735 1199 3800 hemen-

142 3848 189 3893 tes
199 3881 207 3911 ,
218 3835 273 3894 sed
281 3837 341 3896 sibi
348 3859 469 3924 quoque
479 3835 661 3899 demittente
661 3835 757 3925 sore,
774 3840 802 3902 si
813 3839 943 3915 omissa,
959 3858 1057 3924 quam
1056 3835 1199 3924 fortuna

135 3931 351 4018 patefecisset,
369 3950 530 4001 tantorum
546 3960 649 4002 rerum
665 3941 845 4017 occetstone,
868 3938 916 4001 ad
934 3937 1026 4000 idum
1044 3939 1200 4002 obstilione

142 4032 337 4095 liberandum
359 4050 458 4100 eatur.
480 4038 583 4126 igitur
606 4061 665 4127 pro
688 4039 844 4103 concione
863 4040 1033 4125 praelatus,
1053 4062 1153 4104 unum
1168 4062 1199 4102 se

142 4156 259 4195 servare
280 4136 374 4195 civem
394 4135 508 4214 malle,
527 4160 625 4224 quam
642 4139 782 4203 omnibus
797 4135 1079 4225 hostiumfhttum's
1085 4140 1196 4227 pooh’,

176 4362 192 4425 s
213 4363 306 4410 xxvl.
324 4363 446 4410 Plutarch.
467 4391 502 4401 -
518 4366 675 4428 Appiam-
691 4369 818 4416 Memnon.
836 4393 871 4404 -
886 4365 902 4432 S
918 4368 1028 4415 xxvn.
1044 4368 1152 4432 Appien.
1164 4392 1197 4403 --

144 4449 268 4492 Memnon.
288 4473 323 4481 -
342 4448 393 4495 Cic.
408 4463 455 4510 pro
469 4449 594 4506 Muraena,
608 4466 662 4514 cap.
678 4451 716 4498 15.
730 4477 766 4490 -·
779 4450 902 4500 Plutarch.
918 4479 951 4488 -
968 4450 1065 4501 selim.
1077 4450 1142 4500 lint.
1153 4450 1197 4506 lv,

143 4529 168 4575 in
183 4532 253 4594 epist.
263 4529 374 4576 Mitltrid.
388 4554 422 4567 —
432 4532 484 4580 Liv.
496 4531 560 4595 Epir.
