<?xml version="1.0" encoding="UTF-8"?>
<!DOCTYPE html PUBLIC "-//W3C//DTD XHTML 1.0 Transitional//EN"
    "http://www.w3.org/TR/xhtml1/DTD/xhtml1-transitional.dtd">
<html xmlns="http://www.w3.org/1999/xhtml" xml:lang="en" lang="en">
 <head>
  <title>
</title>
<meta http-equiv="Content-Type" content="text/html;charset=utf-8" />
  <meta name='ocr-system' content='tesseract 3.04.00' />
  <meta name='ocr-capabilities' content='ocr_page ocr_carea ocr_par ocr_line ocrx_word'/>
</head>
<body>
  <div class='ocr_page' id='page_1' title='image "./titusliviuspata01freigoog_0064.png"; bbox 0 0 2670 5018; ppageno 0'>
   <div class='ocr_carea' id='block_1_1' title="bbox 822 474 826 487">
    <p class='ocr_par' dir='ltr' id='par_1_1' title="bbox 822 474 826 487">
     <span class='ocr_line' id='line_1_1' title="bbox 822 474 826 487; baseline 0 0"><span class='ocrx_word' id='word_1_1' title='bbox 822 474 826 487; x_wconf 77' lang='lat' dir='ltr'><strong>l</strong></span> 
     </span>
    </p>
   </div>
   <div class='ocr_carea' id='block_1_2' title="bbox 262 662 1248 782">
    <p class='ocr_par' dir='ltr' id='par_1_2' title="bbox 262 662 1248 782">
     <span class='ocr_line' id='line_1_2' title="bbox 262 662 1248 782; baseline 0.006 -6"><span class='ocrx_word' id='word_1_2' title='bbox 262 710 319 777; x_wconf 92' lang='lat' dir='ltr'><strong>IN</strong></span> <span class='ocrx_word' id='word_1_3' title='bbox 349 709 465 776; x_wconf 80' lang='lat' dir='ltr'><strong>LO&#39;C.</strong></span> <span class='ocrx_word' id='word_1_4' title='bbox 494 710 592 776; x_wconf 90' lang='lat' dir='ltr'><strong>LlB.</strong></span> <span class='ocrx_word' id='word_1_5' title='bbox 618 708 791 774; x_wconf 86' lang='lat' dir='ltr'>LXXIX</span> <span class='ocrx_word' id='word_1_6' title='bbox 820 710 1046 782; x_wconf 83' lang='lat' dir='ltr'><strong>LlVlANI.</strong></span> <span class='ocrx_word' id='word_1_7' title='bbox 1142 709 1188 782; x_wconf 85' lang='lat'><strong>55</strong></span> <span class='ocrx_word' id='word_1_8' title='bbox 1246 662 1248 666; x_wconf 23' lang='grc' dir='ltr'>Ι</span> 
     </span>
    </p>
   </div>
   <div class='ocr_carea' id='block_1_3' title="bbox 129 826 1192 4164">
    <p class='ocr_par' dir='ltr' id='par_1_3' title="bbox 129 826 1189 1933">
     <span class='ocr_line' id='line_1_3' title="bbox 132 826 1189 916; baseline 0.006 -24"><span class='ocrx_word' id='word_1_9' title='bbox 132 827 322 892; x_wconf 83' lang='lat' dir='ltr'><strong>«concordia</strong></span> <span class='ocrx_word' id='word_1_10' title='bbox 336 827 509 914; x_wconf 76' lang='lat' dir='ltr'><strong>stabilique</strong></span> <span class='ocrx_word' id='word_1_11' title='bbox 524 827 642 895; x_wconf 66' lang='lat' dir='ltr'><strong>ludere</strong></span> <span class='ocrx_word' id='word_1_12' title='bbox 655 826 917 916; x_wconf 78' lang='lat' dir='ltr'><strong>conjungentur?</strong></span> <span class='ocrx_word' id='word_1_13' title='bbox 928 830 1048 896; x_wconf 83' lang='lat' dir='ltr'><strong>Marius</strong></span> <span class='ocrx_word' id='word_1_14' title='bbox 1059 833 1109 898; x_wconf 89' lang='lat' dir='ltr'><strong>his</strong></span> <span class='ocrx_word' id='word_1_15' title='bbox 1121 856 1189 908; x_wconf 89' lang='lat' dir='ltr'><strong>cor-</strong></span> 
     </span>
     <span class='ocr_line' id='line_1_4' title="bbox 130 928 1187 1019; baseline 0.008 -26"><span class='ocrx_word' id='word_1_16' title='bbox 130 953 205 1018; x_wconf 86' lang='lat' dir='ltr'><strong>«pus</strong></span> <span class='ocrx_word' id='word_1_17' title='bbox 231 952 328 993; x_wconf 88' lang='lat' dir='ltr'><strong>snum</strong></span> <span class='ocrx_word' id='word_1_18' title='bbox 355 930 558 1015; x_wconf 83' lang='lat' dir='ltr'><strong>salutemque</strong></span> <span class='ocrx_word' id='word_1_19' title='bbox 583 928 710 1008; x_wconf 82' lang='lat' dir='ltr'><strong>credet,</strong></span> <span class='ocrx_word' id='word_1_20' title='bbox 735 951 753 991; x_wconf 82' lang='lat' dir='ltr'><strong>a</strong></span> <span class='ocrx_word' id='word_1_21' title='bbox 779 929 899 1017; x_wconf 90' lang='lat' dir='ltr'><strong>quibus</strong></span> <span class='ocrx_word' id='word_1_22' title='bbox 925 935 1072 1019; x_wconf 85' lang='lat' dir='ltr'><strong>proximo</strong></span> <span class='ocrx_word' id='word_1_23' title='bbox 1099 959 1187 1001; x_wconf 84' lang='lat' dir='ltr'><strong>anno</strong></span> 
     </span>
     <span class='ocr_line' id='line_1_5' title="bbox 129 1028 1187 1124; baseline 0.008 -30"><span class='ocrx_word' id='word_1_24' title='bbox 129 1031 248 1095; x_wconf 86' lang='lat' dir='ltr'><strong>«hostis</strong></span> <span class='ocrx_word' id='word_1_25' title='bbox 262 1028 426 1111; x_wconf 84' lang='lat' dir='ltr'><strong>judicatus</strong></span> <span class='ocrx_word' id='word_1_26' title='bbox 448 1029 520 1093; x_wconf 84' lang='lat' dir='ltr'><strong>est?</strong></span> <span class='ocrx_word' id='word_1_27' title='bbox 538 1053 578 1093; x_wconf 83' lang='lat' dir='ltr'><strong>au</strong></span> <span class='ocrx_word' id='word_1_28' title='bbox 595 1030 640 1092; x_wconf 93' lang='lat' dir='ltr'><strong>illi</strong></span> <span class='ocrx_word' id='word_1_29' title='bbox 658 1053 786 1093; x_wconf 83' lang='lat' dir='ltr'><strong>causam</strong></span> <span class='ocrx_word' id='word_1_30' title='bbox 803 1054 913 1113; x_wconf 84' lang='lat' dir='ltr'><strong>suam,</strong></span> <span class='ocrx_word' id='word_1_31' title='bbox 927 1034 1113 1124; x_wconf 83' lang='lat' dir='ltr'><strong>Urbemque</strong></span> <span class='ocrx_word' id='word_1_32' title='bbox 1131 1054 1187 1102; x_wconf 85' lang='lat' dir='ltr'><strong>sut</strong></span> 
     </span>
     <span class='ocr_line' id='line_1_6' title="bbox 131 1132 1185 1212; baseline 0.007 -16"><span class='ocrx_word' id='word_1_33' title='bbox 131 1133 324 1196; x_wconf 82' lang='lat' dir='ltr'><strong>«exercitum</strong></span> <span class='ocrx_word' id='word_1_34' title='bbox 344 1132 550 1195; x_wconf 87' lang='lat' dir='ltr'><strong>committent</strong></span> <span class='ocrx_word' id='word_1_35' title='bbox 569 1132 694 1212; x_wconf 75' lang='lat' dir='ltr'><strong>Music,</strong></span> <span class='ocrx_word' id='word_1_36' title='bbox 717 1133 810 1212; x_wconf 84' lang='lat' dir='ltr'><strong>cujus</strong></span> <span class='ocrx_word' id='word_1_37' title='bbox 832 1135 1018 1198; x_wconf 77' lang='lat' dir='ltr'><strong>imitabilem</strong></span> <span class='ocrx_word' id='word_1_38' title='bbox 1041 1139 1185 1202; x_wconf 76' lang='lat' dir='ltr'><strong>animum</strong></span> 
     </span>
     <span class='ocr_line' id='line_1_7' title="bbox 130 1234 1187 1325; baseline 0.001 -25"><span class='ocrx_word' id='word_1_39' title='bbox 130 1259 213 1300; x_wconf 90' lang='lat' dir='ltr'><strong>«non</strong></span> <span class='ocrx_word' id='word_1_40' title='bbox 226 1237 396 1325; x_wconf 71' lang='lat' dir='ltr'><strong>ignorant,</strong></span> <span class='ocrx_word' id='word_1_41' title='bbox 412 1234 535 1298; x_wconf 86' lang='lat' dir='ltr'><strong>recenti</strong></span> <span class='ocrx_word' id='word_1_42' title='bbox 555 1234 694 1316; x_wconf 78' lang='lat' dir='ltr'><strong>offensa,</strong></span> <span class='ocrx_word' id='word_1_43' title='bbox 713 1235 793 1298; x_wconf 90' lang='lat' dir='ltr'><strong>nihil</strong></span> <span class='ocrx_word' id='word_1_44' title='bbox 810 1236 896 1300; x_wconf 81' lang='lat' dir='ltr'><strong>aliud</strong></span> <span class='ocrx_word' id='word_1_45' title='bbox 910 1259 1008 1324; x_wconf 89' lang='lat' dir='ltr'><strong>quam</strong></span> <span class='ocrx_word' id='word_1_46' title='bbox 1028 1239 1187 1302; x_wconf 90' lang='lat' dir='ltr'><strong>ultionem</strong></span> 
     </span>
     <span class='ocr_line' id='line_1_8' title="bbox 130 1336 1187 1404; baseline 0.003 -4"><span class='ocrx_word' id='word_1_47' title='bbox 130 1336 318 1401; x_wconf 71' lang='lat' dir='ltr'><strong>«mediteril</strong></span> <span class='ocrx_word' id='word_1_48' title='bbox 333 1336 462 1400; x_wconf 82' lang='lat' dir='ltr'><strong>Scilicet</strong></span> <span class='ocrx_word' id='word_1_49' title='bbox 478 1336 538 1399; x_wconf 88' lang='lat' dir='ltr'><strong>Cn.</strong></span> <span class='ocrx_word' id='word_1_50' title='bbox 551 1336 701 1399; x_wconf 80' lang='lat' dir='ltr'><strong>Octavius</strong></span> <span class='ocrx_word' id='word_1_51' title='bbox 719 1336 863 1401; x_wconf 87' lang='lat' dir='ltr'><strong>eadere</strong></span> <span class='ocrx_word' id='word_1_52' title='bbox 880 1336 922 1402; x_wconf 84' lang='lat' dir='ltr'><strong>ad</strong></span> <span class='ocrx_word' id='word_1_53' title='bbox 939 1355 1086 1404; x_wconf 89' lang='lat' dir='ltr'><strong>senatum</strong></span> <span class='ocrx_word' id='word_1_54' title='bbox 1104 1341 1187 1404; x_wconf 85' lang='lat' dir='ltr'><strong>rele-</strong></span> 
     </span>
     <span class='ocr_line' id='line_1_9' title="bbox 135 1437 1189 1520; baseline 0.006 -20"><span class='ocrx_word' id='word_1_55' title='bbox 135 1454 217 1520; x_wconf 87' lang='lat' dir='ltr'><strong>«ret,</strong></span> <span class='ocrx_word' id='word_1_56' title='bbox 233 1453 301 1501; x_wconf 79' lang='lat' dir='ltr'><strong>tam</strong></span> <span class='ocrx_word' id='word_1_57' title='bbox 317 1437 483 1502; x_wconf 88' lang='lat' dir='ltr'><strong>eminente</strong></span> <span class='ocrx_word' id='word_1_58' title='bbox 498 1437 533 1499; x_wconf 91' lang='lat' dir='ltr'><strong>in</strong></span> <span class='ocrx_word' id='word_1_59' title='bbox 547 1437 702 1500; x_wconf 85' lang='lat' dir='ltr'><strong>sullanam</strong></span> <span class='ocrx_word' id='word_1_60' title='bbox 721 1438 895 1503; x_wconf 85' lang='lat' dir='ltr'><strong>factionem</strong></span> <span class='ocrx_word' id='word_1_61' title='bbox 909 1439 1035 1520; x_wconf 85' lang='lat' dir='ltr'><strong>studio,</strong></span> <span class='ocrx_word' id='word_1_62' title='bbox 1049 1457 1088 1505; x_wconf 94' lang='lat' dir='ltr'><strong>ut</strong></span> <span class='ocrx_word' id='word_1_63' title='bbox 1102 1441 1189 1506; x_wconf 84' lang='lat' dir='ltr'><strong>dele·</strong></span> 
     </span>
     <span class='ocr_line' id='line_1_10' title="bbox 131 1539 1188 1625; baseline 0.005 -23"><span class='ocrx_word' id='word_1_64' title='bbox 131 1555 219 1602; x_wconf 77' lang='lat' dir='ltr'><strong>«ctus</strong></span> <span class='ocrx_word' id='word_1_65' title='bbox 232 1540 274 1603; x_wconf 74' lang='lat' dir='ltr'><strong>ab</strong></span> <span class='ocrx_word' id='word_1_66' title='bbox 290 1539 379 1603; x_wconf 85' lang='lat' dir='ltr'><strong>Sulla</strong></span> <span class='ocrx_word' id='word_1_67' title='bbox 394 1539 507 1619; x_wconf 83' lang='lat' dir='ltr'><strong>fuerit,</strong></span> <span class='ocrx_word' id='word_1_68' title='bbox 523 1561 622 1625; x_wconf 88' lang='lat' dir='ltr'><strong>quem</strong></span> <span class='ocrx_word' id='word_1_69' title='bbox 634 1555 760 1622; x_wconf 88' lang='lat' dir='ltr'><strong>tecum,</strong></span> <span class='ocrx_word' id='word_1_70' title='bbox 774 1541 808 1604; x_wconf 89' lang='lat' dir='ltr'><strong>L.</strong></span> <span class='ocrx_word' id='word_1_71' title='bbox 819 1542 939 1624; x_wconf 87' lang='lat' dir='ltr'><strong>Cinna,</strong></span> <span class='ocrx_word' id='word_1_72' title='bbox 957 1544 1059 1607; x_wconf 91' lang='lat' dir='ltr'><strong>immo</strong></span> <span class='ocrx_word' id='word_1_73' title='bbox 1076 1559 1188 1608; x_wconf 84' lang='lat' dir='ltr'><strong>contra</strong></span> 
     </span>
     <span class='ocr_line' id='line_1_11' title="bbox 131 1642 1188 1728; baseline 0.001 -21"><span class='ocrx_word' id='word_1_74' title='bbox 131 1660 181 1707; x_wconf 84' lang='lat' dir='ltr'><strong>«te</strong></span> <span class='ocrx_word' id='word_1_75' title='bbox 198 1644 367 1707; x_wconf 87' lang='lat' dir='ltr'><strong>consulem</strong></span> <span class='ocrx_word' id='word_1_76' title='bbox 391 1642 532 1706; x_wconf 83' lang='lat' dir='ltr'><strong>faceret?</strong></span> <span class='ocrx_word' id='word_1_77' title='bbox 550 1644 734 1707; x_wconf 88' lang='lat' dir='ltr'><strong>Decernent</strong></span> <span class='ocrx_word' id='word_1_78' title='bbox 748 1664 826 1707; x_wconf 84' lang='lat' dir='ltr'><strong>vero</strong></span> <span class='ocrx_word' id='word_1_79' title='bbox 846 1660 916 1708; x_wconf 86' lang='lat' dir='ltr'><strong>turn</strong></span> <span class='ocrx_word' id='word_1_80' title='bbox 934 1645 1005 1728; x_wconf 82' lang='lat' dir='ltr'><strong>alii,</strong></span> <span class='ocrx_word' id='word_1_81' title='bbox 1024 1662 1095 1709; x_wconf 91' lang='lat' dir='ltr'><strong>tum</strong></span> <span class='ocrx_word' id='word_1_82' title='bbox 1111 1667 1188 1708; x_wconf 85' lang='lat' dir='ltr'><strong>vero</strong></span> 
     </span>
     <span class='ocr_line' id='line_1_12' title="bbox 130 1744 1188 1833; baseline -0.002 -25"><span class='ocrx_word' id='word_1_83' title='bbox 130 1745 356 1833; x_wconf 75' lang='lat' dir='ltr'><strong>«cupidissime</strong></span> <span class='ocrx_word' id='word_1_84' title='bbox 380 1745 422 1826; x_wconf 91' lang='lat' dir='ltr'><strong>Q.</strong></span> <span class='ocrx_word' id='word_1_85' title='bbox 438 1744 589 1824; x_wconf 82' lang='lat' dir='ltr'><strong>Catulus,</strong></span> <span class='ocrx_word' id='word_1_86' title='bbox 610 1760 685 1832; x_wconf 90' lang='lat' dir='ltr'><strong>post</strong></span> <span class='ocrx_word' id='word_1_87' title='bbox 705 1745 919 1808; x_wconf 82' lang='lat' dir='ltr'><strong>interversuru</strong></span> <span class='ocrx_word' id='word_1_88' title='bbox 943 1745 1087 1809; x_wconf 89' lang='lat' dir='ltr'><strong>cimbrici</strong></span> <span class='ocrx_word' id='word_1_89' title='bbox 1112 1744 1188 1809; x_wconf 88' lang='lat' dir='ltr'><strong>belli</strong></span> 
     </span>
     <span class='ocr_line' id='line_1_13' title="bbox 131 1844 584 1933; baseline 0 -25"><span class='ocrx_word' id='word_1_90' title='bbox 131 1845 247 1910; x_wconf 84' lang='lat' dir='ltr'><strong>«decus</strong></span> <span class='ocrx_word' id='word_1_91' title='bbox 264 1868 394 1933; x_wconf 85' lang='lat' dir='ltr'><strong>semper</strong></span> <span class='ocrx_word' id='word_1_92' title='bbox 408 1844 584 1932; x_wconf 84' lang='lat' dir='ltr'><strong>obliquus?</strong></span> 
     </span>
    </p>

    <p class='ocr_par' dir='ltr' id='par_1_4' title="bbox 130 1945 1191 3453">
     <span class='ocr_line' id='line_1_14' title="bbox 171 1945 1188 2034; baseline -0.002 -24"><span class='ocrx_word' id='word_1_93' title='bbox 171 1946 253 2011; x_wconf 84' lang='lat' dir='ltr'><strong>XLI.</strong></span> <span class='ocrx_word' id='word_1_94' title='bbox 278 1946 447 2027; x_wconf 80' lang='lat' dir='ltr'><strong>«Quintus</strong></span> <span class='ocrx_word' id='word_1_95' title='bbox 469 1960 577 2008; x_wconf 88' lang='lat' dir='ltr'><strong>autem</strong></span> <span class='ocrx_word' id='word_1_96' title='bbox 596 1945 763 2026; x_wconf 86' lang='lat' dir='ltr'><strong>Metellus,</strong></span> <span class='ocrx_word' id='word_1_97' title='bbox 790 1962 823 2008; x_wconf 89' lang='lat' dir='ltr'><strong>et</strong></span> <span class='ocrx_word' id='word_1_98' title='bbox 839 1947 898 2010; x_wconf 91' lang='lat' dir='ltr'><strong>Cn.</strong></span> <span class='ocrx_word' id='word_1_99' title='bbox 916 1947 1107 2034; x_wconf 88' lang='lat' dir='ltr'><strong>Pompeius,</strong></span> <span class='ocrx_word' id='word_1_100' title='bbox 1131 1945 1188 2032; x_wconf 93' lang='lat' dir='ltr'><strong>qui</strong></span> 
     </span>
     <span class='ocr_line' id='line_1_15' title="bbox 130 2046 1187 2135; baseline 0 -26"><span class='ocrx_word' id='word_1_101' title='bbox 130 2047 207 2109; x_wconf 87' lang='lat' dir='ltr'><strong>«soli</strong></span> <span class='ocrx_word' id='word_1_102' title='bbox 226 2069 316 2111; x_wconf 91' lang='lat' dir='ltr'><strong>nunc</strong></span> <span class='ocrx_word' id='word_1_103' title='bbox 333 2047 438 2125; x_wconf 88' lang='lat' dir='ltr'><strong>justos</strong></span> <span class='ocrx_word' id='word_1_104' title='bbox 456 2046 616 2109; x_wconf 82' lang='lat' dir='ltr'><strong>exercitus</strong></span> <span class='ocrx_word' id='word_1_105' title='bbox 635 2046 774 2127; x_wconf 86' lang='lat' dir='ltr'><strong>habent,</strong></span> <span class='ocrx_word' id='word_1_106' title='bbox 795 2046 885 2110; x_wconf 93' lang='lat' dir='ltr'><strong>hunc</strong></span> <span class='ocrx_word' id='word_1_107' title='bbox 904 2048 992 2111; x_wconf 89' lang='lat' dir='ltr'><strong>enise</strong></span> <span class='ocrx_word' id='word_1_108' title='bbox 1015 2047 1187 2135; x_wconf 82' lang='lat' dir='ltr'><strong>recipient,</strong></span> 
     </span>
     <span class='ocr_line' id='line_1_16' title="bbox 131 2147 1189 2235; baseline 0.001 -24"><span class='ocrx_word' id='word_1_109' title='bbox 131 2177 142 2200; x_wconf 84' lang='lat'><strong>«</strong></span> <span class='ocrx_word' id='word_1_110' title='bbox 146 2147 398 2234; x_wconf 77' lang='lat' dir='ltr'><strong>jurabuntque?</strong></span> <span class='ocrx_word' id='word_1_111' title='bbox 419 2148 471 2211; x_wconf 89' lang='lat' dir='ltr'><strong>ille</strong></span> <span class='ocrx_word' id='word_1_112' title='bbox 496 2163 703 2235; x_wconf 80' lang='lat' dir='ltr'><strong>paternarum</strong></span> <span class='ocrx_word' id='word_1_113' title='bbox 731 2148 973 2211; x_wconf 80' lang='lat' dir='ltr'><strong>inimicitiarum</strong></span> <span class='ocrx_word' id='word_1_114' title='bbox 994 2150 1111 2230; x_wconf 88' lang='lat' dir='ltr'><strong>beres,</strong></span> <span class='ocrx_word' id='word_1_115' title='bbox 1135 2149 1189 2212; x_wconf 89' lang='lat' dir='ltr'><strong>hic</strong></span> 
     </span>
     <span class='ocr_line' id='line_1_17' title="bbox 131 2247 1188 2337; baseline 0 -25"><span class='ocrx_word' id='word_1_116' title='bbox 131 2265 212 2312; x_wconf 87' lang='lat' dir='ltr'><strong>«tam</strong></span> <span class='ocrx_word' id='word_1_117' title='bbox 230 2248 369 2337; x_wconf 91' lang='lat' dir='ltr'><strong>cupidus</strong></span> <span class='ocrx_word' id='word_1_118' title='bbox 382 2248 613 2336; x_wconf 88' lang='lat' dir='ltr'><strong>imperiorum,</strong></span> <span class='ocrx_word' id='word_1_119' title='bbox 630 2265 668 2312; x_wconf 89' lang='lat' dir='ltr'><strong>ut</strong></span> <span class='ocrx_word' id='word_1_120' title='bbox 683 2247 837 2312; x_wconf 81' lang='lat' dir='ltr'><strong>traditum</strong></span> <span class='ocrx_word' id='word_1_121' title='bbox 851 2250 977 2313; x_wconf 92' lang='lat' dir='ltr'><strong>consuli</strong></span> <span class='ocrx_word' id='word_1_122' title='bbox 994 2250 1188 2328; x_wconf 84' lang='lat' dir='ltr'><strong>exercitum,</strong></span> 
     </span>
     <span class='ocr_line' id='line_1_18' title="bbox 131 2348 1189 2438; baseline 0 -25"><span class='ocrx_word' id='word_1_123' title='bbox 131 2372 228 2413; x_wconf 81' lang='lat' dir='ltr'><strong>«nece</strong></span> <span class='ocrx_word' id='word_1_124' title='bbox 247 2350 333 2413; x_wconf 86' lang='lat' dir='ltr'><strong>illius</strong></span> <span class='ocrx_word' id='word_1_125' title='bbox 347 2365 492 2437; x_wconf 86' lang='lat' dir='ltr'><strong>repetere</strong></span> <span class='ocrx_word' id='word_1_126' title='bbox 507 2370 573 2412; x_wconf 88' lang='lat' dir='ltr'><strong>uon</strong></span> <span class='ocrx_word' id='word_1_127' title='bbox 591 2350 633 2412; x_wconf 90' lang='lat' dir='ltr'><strong>sit</strong></span> <span class='ocrx_word' id='word_1_128' title='bbox 649 2349 789 2430; x_wconf 82' lang='lat' dir='ltr'><strong>veritus,</strong></span> <span class='ocrx_word' id='word_1_129' title='bbox 809 2348 933 2413; x_wconf 89' lang='lat' dir='ltr'><strong>nedum</strong></span> <span class='ocrx_word' id='word_1_130' title='bbox 950 2349 1003 2414; x_wconf 89' lang='lat' dir='ltr'><strong>ille</strong></span> <span class='ocrx_word' id='word_1_131' title='bbox 1018 2350 1116 2438; x_wconf 88' lang='lat' dir='ltr'><strong>recipi</strong></span> <span class='ocrx_word' id='word_1_132' title='bbox 1134 2373 1189 2413; x_wconf 87' lang='lat' dir='ltr'><strong>ex·</strong></span> 
     </span>
     <span class='ocr_line' id='line_1_19' title="bbox 131 2451 1188 2539; baseline -0.002 -23"><span class='ocrx_word' id='word_1_133' title='bbox 131 2453 253 2516; x_wconf 89' lang='lat' dir='ltr'><strong>«sulem</strong></span> <span class='ocrx_word' id='word_1_134' title='bbox 274 2453 376 2532; x_wconf 83' lang='lat' dir='ltr'><strong>sinat3</strong></span> <span class='ocrx_word' id='word_1_135' title='bbox 402 2473 478 2515; x_wconf 89' lang='lat' dir='ltr'><strong>eum</strong></span> <span class='ocrx_word' id='word_1_136' title='bbox 500 2452 678 2539; x_wconf 80' lang='lat' dir='ltr'><strong>praecipue,</strong></span> <span class='ocrx_word' id='word_1_137' title='bbox 696 2474 794 2539; x_wconf 86' lang='lat' dir='ltr'><strong>quem</strong></span> <span class='ocrx_word' id='word_1_138' title='bbox 810 2451 844 2515; x_wconf 93' lang='lat' dir='ltr'><strong>in</strong></span> <span class='ocrx_word' id='word_1_139' title='bbox 866 2451 951 2514; x_wconf 87' lang='lat' dir='ltr'><strong>hanc</strong></span> <span class='ocrx_word' id='word_1_140' title='bbox 967 2451 1131 2514; x_wconf 85' lang='lat' dir='ltr'><strong>fortunam</strong></span> <span class='ocrx_word' id='word_1_141' title='bbox 1149 2474 1188 2514; x_wconf 84' lang='lat' dir='ltr'><strong>ex</strong></span> 
     </span>
     <span class='ocr_line' id='line_1_20' title="bbox 132 2551 1186 2640; baseline 0.001 -26"><span class='ocrx_word' id='word_1_142' title='bbox 132 2553 248 2615; x_wconf 83' lang='lat' dir='ltr'><strong>«nimis</strong></span> <span class='ocrx_word' id='word_1_143' title='bbox 272 2551 449 2640; x_wconf 70' lang='lat' dir='ltr'><strong>cupiditate</strong></span> <span class='ocrx_word' id='word_1_144' title='bbox 475 2551 639 2639; x_wconf 83' lang='lat' dir='ltr'><strong>privinciae</strong></span> <span class='ocrx_word' id='word_1_145' title='bbox 665 2570 697 2617; x_wconf 84' lang='lat' dir='ltr'><strong>et</strong></span> <span class='ocrx_word' id='word_1_146' title='bbox 726 2553 883 2616; x_wconf 85' lang='lat' dir='ltr'><strong>exercitus</strong></span> <span class='ocrx_word' id='word_1_147' title='bbox 909 2551 1059 2616; x_wconf 88' lang='lat' dir='ltr'><strong>incidisse</strong></span> <span class='ocrx_word' id='word_1_148' title='bbox 1089 2553 1186 2616; x_wconf 90' lang='lat' dir='ltr'><strong>norit.</strong></span> 
     </span>
     <span class='ocr_line' id='line_1_21' title="bbox 132 2655 1188 2744; baseline -0.001 -26"><span class='ocrx_word' id='word_1_149' title='bbox 132 2655 276 2744; x_wconf 80' lang='lat' dir='ltr'><strong>«Nempe</strong></span> <span class='ocrx_word' id='word_1_150' title='bbox 295 2657 321 2720; x_wconf 88' lang='lat' dir='ltr'><strong>si</strong></span> <span class='ocrx_word' id='word_1_151' title='bbox 338 2655 505 2719; x_wconf 87' lang='lat' dir='ltr'><strong>decretum</strong></span> <span class='ocrx_word' id='word_1_152' title='bbox 519 2656 559 2719; x_wconf 81' lang='lat' dir='ltr'><strong>ab</strong></span> <span class='ocrx_word' id='word_1_153' title='bbox 577 2672 691 2720; x_wconf 87' lang='lat' dir='ltr'><strong>senatu</strong></span> <span class='ocrx_word' id='word_1_154' title='bbox 710 2657 831 2721; x_wconf 88' lang='lat' dir='ltr'><strong>bellum</strong></span> <span class='ocrx_word' id='word_1_155' title='bbox 850 2655 1104 2720; x_wconf 83' lang='lat' dir='ltr'><strong>mithridaticum</strong></span> <span class='ocrx_word' id='word_1_156' title='bbox 1118 2655 1188 2719; x_wconf 82' lang='lat' dir='ltr'><strong>adi-</strong></span> 
     </span>
     <span class='ocr_line' id='line_1_22' title="bbox 132 2755 1189 2846; baseline 0.003 -29"><span class='ocrx_word' id='word_1_157' title='bbox 132 2778 239 2819; x_wconf 86' lang='lat' dir='ltr'><strong>«mere</strong></span> <span class='ocrx_word' id='word_1_158' title='bbox 253 2759 288 2821; x_wconf 89' lang='lat' dir='ltr'><strong>L.</strong></span> <span class='ocrx_word' id='word_1_159' title='bbox 300 2756 395 2820; x_wconf 84' lang='lat' dir='ltr'><strong>Sullae</strong></span> <span class='ocrx_word' id='word_1_160' title='bbox 411 2757 532 2819; x_wconf 82' lang='lat' dir='ltr'><strong>Marius</strong></span> <span class='ocrx_word' id='word_1_161' title='bbox 542 2757 661 2839; x_wconf 89' lang='lat' dir='ltr'><strong>voluit,</strong></span> <span class='ocrx_word' id='word_1_162' title='bbox 678 2774 709 2821; x_wconf 93' lang='lat' dir='ltr'><strong>et</strong></span> <span class='ocrx_word' id='word_1_163' title='bbox 722 2756 958 2846; x_wconf 90' lang='lat' dir='ltr'><strong>propemodum</strong></span> <span class='ocrx_word' id='word_1_164' title='bbox 971 2758 1094 2846; x_wconf 81' lang='lat' dir='ltr'><strong>potuit3</strong></span> <span class='ocrx_word' id='word_1_165' title='bbox 1110 2755 1189 2845; x_wconf 91' lang='lat' dir='ltr'><strong>quid</strong></span> 
     </span>
     <span class='ocr_line' id='line_1_23' title="bbox 132 2856 1188 2947; baseline 0.002 -28"><span class='ocrx_word' id='word_1_166' title='bbox 132 2856 308 2947; x_wconf 90' lang='lat' dir='ltr'><strong>«Pompeio</strong></span> <span class='ocrx_word' id='word_1_167' title='bbox 319 2859 514 2945; x_wconf 88' lang='lat' dir='ltr'><strong>relinquitur</strong></span> <span class='ocrx_word' id='word_1_168' title='bbox 527 2859 612 2946; x_wconf 87' lang='lat' dir='ltr'><strong>spei,</strong></span> <span class='ocrx_word' id='word_1_169' title='bbox 624 2881 641 2921; x_wconf 83' lang='lat' dir='ltr'>a</span> <span class='ocrx_word' id='word_1_170' title='bbox 651 2882 718 2947; x_wconf 92' lang='lat' dir='ltr'><strong>quo</strong></span> <span class='ocrx_word' id='word_1_171' title='bbox 730 2880 796 2922; x_wconf 91' lang='lat' dir='ltr'><strong>non</strong></span> <span class='ocrx_word' id='word_1_172' title='bbox 808 2857 908 2923; x_wconf 90' lang='lat' dir='ltr'><strong>modo</strong></span> <span class='ocrx_word' id='word_1_173' title='bbox 920 2874 1064 2923; x_wconf 89' lang='lat' dir='ltr'><strong>retentus</strong></span> <span class='ocrx_word' id='word_1_174' title='bbox 1077 2874 1188 2922; x_wconf 89' lang='lat' dir='ltr'><strong>contra</strong></span> 
     </span>
     <span class='ocr_line' id='line_1_24' title="bbox 133 2959 1189 3042; baseline 0.002 -22"><span class='ocrx_word' id='word_1_175' title='bbox 133 2960 350 3025; x_wconf 81' lang='lat' dir='ltr'><strong>«voluntatem</strong></span> <span class='ocrx_word' id='word_1_176' title='bbox 365 2962 496 3024; x_wconf 82' lang='lat' dir='ltr'><strong>Petrum</strong></span> <span class='ocrx_word' id='word_1_177' title='bbox 512 2961 688 3042; x_wconf 84' lang='lat' dir='ltr'><strong>exercitus,</strong></span> <span class='ocrx_word' id='word_1_178' title='bbox 707 2961 764 3024; x_wconf 89' lang='lat' dir='ltr'><strong>sed</strong></span> <span class='ocrx_word' id='word_1_179' title='bbox 780 2961 875 3024; x_wconf 81' lang='lat' dir='ltr'><strong>etiam</strong></span> <span class='ocrx_word' id='word_1_180' title='bbox 890 2960 1006 3023; x_wconf 88' lang='lat' dir='ltr'><strong>missus</strong></span> <span class='ocrx_word' id='word_1_181' title='bbox 1018 2959 1059 3023; x_wconf 89' lang='lat' dir='ltr'><strong>ab</strong></span> <span class='ocrx_word' id='word_1_182' title='bbox 1075 2976 1189 3023; x_wconf 87' lang='lat' dir='ltr'><strong>senatu</strong></span> 
     </span>
     <span class='ocr_line' id='line_1_25' title="bbox 133 3058 1191 3149; baseline 0.001 -26"><span class='ocrx_word' id='word_1_183' title='bbox 133 3061 267 3125; x_wconf 90' lang='lat' dir='ltr'><strong>«consul</strong></span> <span class='ocrx_word' id='word_1_184' title='bbox 283 3063 408 3126; x_wconf 86' lang='lat' dir='ltr'><strong>occisus</strong></span> <span class='ocrx_word' id='word_1_185' title='bbox 419 3060 489 3125; x_wconf 80' lang='lat' dir='ltr'><strong>est?</strong></span> <span class='ocrx_word' id='word_1_186' title='bbox 501 3062 675 3125; x_wconf 87' lang='lat' dir='ltr'><strong>Enimvero</strong></span> <span class='ocrx_word' id='word_1_187' title='bbox 689 3061 759 3125; x_wconf 82' lang='lat' dir='ltr'><strong>haec</strong></span> <span class='ocrx_word' id='word_1_188' title='bbox 768 3062 820 3125; x_wconf 83' lang='lat' dir='ltr'><strong>vel</strong></span> <span class='ocrx_word' id='word_1_189' title='bbox 834 3062 994 3149; x_wconf 86' lang='lat' dir='ltr'><strong>prsecipus</strong></span> <span class='ocrx_word' id='word_1_190' title='bbox 1007 3058 1102 3124; x_wconf 91' lang='lat' dir='ltr'><strong>nobis</strong></span> <span class='ocrx_word' id='word_1_191' title='bbox 1115 3083 1191 3124; x_wconf 83' lang='lat' dir='ltr'><strong>cau·</strong></span> 
     </span>
     <span class='ocr_line' id='line_1_26' title="bbox 133 3160 1189 3249; baseline 0.003 -26"><span class='ocrx_word' id='word_1_192' title='bbox 133 3161 198 3224; x_wconf 85' lang='lat' dir='ltr'><strong>«tio</strong></span> <span class='ocrx_word' id='word_1_193' title='bbox 218 3184 287 3226; x_wconf 86' lang='lat' dir='ltr'><strong>esse</strong></span> <span class='ocrx_word' id='word_1_194' title='bbox 309 3160 421 3242; x_wconf 84' lang='lat' dir='ltr'><strong>debet,</strong></span> <span class='ocrx_word' id='word_1_195' title='bbox 443 3184 485 3224; x_wconf 89' lang='lat' dir='ltr'><strong>ne</strong></span> <span class='ocrx_word' id='word_1_196' title='bbox 506 3162 691 3242; x_wconf 88' lang='lat' dir='ltr'><strong>hominem,</strong></span> <span class='ocrx_word' id='word_1_197' title='bbox 711 3179 760 3226; x_wconf 93' lang='lat' dir='ltr'><strong>tot</strong></span> <span class='ocrx_word' id='word_1_198' title='bbox 782 3177 880 3249; x_wconf 86' lang='lat' dir='ltr'><strong>atque</strong></span> <span class='ocrx_word' id='word_1_199' title='bbox 902 3163 999 3225; x_wconf 86' lang='lat' dir='ltr'><strong>tantis</strong></span> <span class='ocrx_word' id='word_1_200' title='bbox 1014 3162 1189 3226; x_wconf 90' lang='lat' dir='ltr'><strong>inimicitiis</strong></span> 
     </span>
     <span class='ocr_line' id='line_1_27' title="bbox 133 3262 1188 3354; baseline 0 -28"><span class='ocrx_word' id='word_1_201' title='bbox 133 3262 327 3345; x_wconf 85' lang='lat' dir='ltr'><strong>«obrutum,</strong></span> <span class='ocrx_word' id='word_1_202' title='bbox 347 3265 390 3327; x_wconf 82' lang='lat' dir='ltr'><strong>ita</strong></span> <span class='ocrx_word' id='word_1_203' title='bbox 405 3264 675 3352; x_wconf 88' lang='lat' dir='ltr'><strong>complectamur,</strong></span> <span class='ocrx_word' id='word_1_204' title='bbox 691 3282 729 3328; x_wconf 90' lang='lat' dir='ltr'><strong>ut</strong></span> <span class='ocrx_word' id='word_1_205' title='bbox 745 3265 779 3327; x_wconf 90' lang='lat' dir='ltr'><strong>in</strong></span> <span class='ocrx_word' id='word_1_206' title='bbox 797 3287 857 3328; x_wconf 91' lang='lat' dir='ltr'><strong>nos</strong></span> <span class='ocrx_word' id='word_1_207' title='bbox 874 3281 1021 3354; x_wconf 81' lang='lat' dir='ltr'><strong>expetere</strong></span> <span class='ocrx_word' id='word_1_208' title='bbox 1037 3263 1110 3328; x_wconf 86' lang='lat' dir='ltr'><strong>odia</strong></span> <span class='ocrx_word' id='word_1_209' title='bbox 1130 3265 1188 3352; x_wconf 91' lang='lat' dir='ltr'><strong>ipsi</strong></span> 
     </span>
     <span class='ocr_line' id='line_1_28' title="bbox 134 3363 407 3453; baseline 0.007 -25"><span class='ocrx_word' id='word_1_210' title='bbox 134 3363 259 3428; x_wconf 77' lang='lat' dir='ltr'><strong>«debita</strong></span> <span class='ocrx_word' id='word_1_211' title='bbox 272 3367 407 3453; x_wconf 86' lang='lat' dir='ltr'><strong>possint.</strong></span> 
     </span>
    </p>

    <p class='ocr_par' dir='ltr' id='par_1_5' title="bbox 135 3465 1192 4164">
     <span class='ocr_line' id='line_1_29' title="bbox 175 3465 1189 3551; baseline -0.001 -24"><span class='ocrx_word' id='word_1_212' title='bbox 175 3467 273 3529; x_wconf 76' lang='lat' dir='ltr'><strong>XLll.</strong></span> <span class='ocrx_word' id='word_1_213' title='bbox 289 3465 407 3530; x_wconf 84' lang='lat' dir='ltr'><strong>«Multi</strong></span> <span class='ocrx_word' id='word_1_214' title='bbox 415 3465 503 3530; x_wconf 84' lang='lat' dir='ltr'><strong>haud</strong></span> <span class='ocrx_word' id='word_1_215' title='bbox 512 3465 612 3530; x_wconf 88' lang='lat' dir='ltr'><strong>dubie</strong></span> <span class='ocrx_word' id='word_1_216' title='bbox 621 3483 758 3548; x_wconf 83' lang='lat' dir='ltr'><strong>nostras,</strong></span> <span class='ocrx_word' id='word_1_217' title='bbox 772 3466 933 3530; x_wconf 80' lang='lat' dir='ltr'><strong>autetiam</strong></span> <span class='ocrx_word' id='word_1_218' title='bbox 945 3481 1075 3530; x_wconf 86' lang='lat' dir='ltr'><strong>neutras</strong></span> <span class='ocrx_word' id='word_1_219' title='bbox 1085 3481 1189 3551; x_wconf 84' lang='lat' dir='ltr'><strong>partes</strong></span> 
     </span>
     <span class='ocr_line' id='line_1_30' title="bbox 135 3562 1189 3654; baseline -0.002 -25"><span class='ocrx_word' id='word_1_220' title='bbox 135 3568 376 3654; x_wconf 80' lang='lat' dir='ltr'><strong>«sequentium,</strong></span> <span class='ocrx_word' id='word_1_221' title='bbox 392 3567 449 3630; x_wconf 92' lang='lat' dir='ltr'><strong>ubi</strong></span> <span class='ocrx_word' id='word_1_222' title='bbox 471 3567 561 3630; x_wconf 91' lang='lat' dir='ltr'><strong>bunc</strong></span> <span class='ocrx_word' id='word_1_223' title='bbox 577 3567 750 3631; x_wconf 90' lang='lat' dir='ltr'><strong>nobiscum</strong></span> <span class='ocrx_word' id='word_1_224' title='bbox 769 3589 837 3631; x_wconf 87' lang='lat' dir='ltr'><strong>esse</strong></span> <span class='ocrx_word' id='word_1_225' title='bbox 855 3566 1006 3645; x_wconf 80' lang='lat' dir='ltr'><strong>audient,</strong></span> <span class='ocrx_word' id='word_1_226' title='bbox 1025 3562 1102 3628; x_wconf 91' lang='lat' dir='ltr'><strong>odio</strong></span> <span class='ocrx_word' id='word_1_227' title='bbox 1120 3586 1189 3627; x_wconf 90' lang='lat' dir='ltr'><strong>me·</strong></span> 
     </span>
     <span class='ocr_line' id='line_1_31' title="bbox 135 3665 1189 3756; baseline -0.003 -26"><span class='ocrx_word' id='word_1_228' title='bbox 135 3682 228 3733; x_wconf 83' lang='lat' dir='ltr'><strong>«tuve</strong></span> <span class='ocrx_word' id='word_1_229' title='bbox 252 3670 338 3732; x_wconf 91' lang='lat' dir='ltr'><strong>illius</strong></span> <span class='ocrx_word' id='word_1_230' title='bbox 363 3670 396 3732; x_wconf 95' lang='lat' dir='ltr'><strong>in</strong></span> <span class='ocrx_word' id='word_1_231' title='bbox 422 3668 552 3733; x_wconf 77' lang='lat' dir='ltr'><strong>adversa</strong></span> <span class='ocrx_word' id='word_1_232' title='bbox 578 3685 680 3732; x_wconf 81' lang='lat' dir='ltr'><strong>castra</strong></span> <span class='ocrx_word' id='word_1_233' title='bbox 704 3669 928 3747; x_wconf 88' lang='lat' dir='ltr'><strong>conjicientur.</strong></span> <span class='ocrx_word' id='word_1_234' title='bbox 954 3667 1057 3756; x_wconf 86' lang='lat' dir='ltr'><strong>Igitur</strong></span> <span class='ocrx_word' id='word_1_235' title='bbox 1084 3665 1189 3730; x_wconf 91' lang='lat' dir='ltr'><strong>modis</strong></span> 
     </span>
     <span class='ocr_line' id='line_1_32' title="bbox 137 3768 1190 3859; baseline -0.001 -27"><span class='ocrx_word' id='word_1_236' title='bbox 137 3772 307 3835; x_wconf 85' lang='lat' dir='ltr'><strong>«omnibus</strong></span> <span class='ocrx_word' id='word_1_237' title='bbox 323 3770 357 3835; x_wconf 92' lang='lat' dir='ltr'><strong>id</strong></span> <span class='ocrx_word' id='word_1_238' title='bbox 373 3771 535 3859; x_wconf 81' lang='lat' dir='ltr'><strong>aspernari</strong></span> <span class='ocrx_word' id='word_1_239' title='bbox 551 3792 588 3834; x_wconf 89' lang='lat' dir='ltr'><strong>ac</strong></span> <span class='ocrx_word' id='word_1_240' title='bbox 601 3771 732 3850; x_wconf 86' lang='lat' dir='ltr'><strong>rejicere</strong></span> <span class='ocrx_word' id='word_1_241' title='bbox 748 3771 919 3833; x_wconf 89' lang='lat' dir='ltr'><strong>consilium</strong></span> <span class='ocrx_word' id='word_1_242' title='bbox 937 3768 1109 3848; x_wconf 82' lang='lat' dir='ltr'><strong>debemus,</strong></span> <span class='ocrx_word' id='word_1_243' title='bbox 1123 3790 1190 3854; x_wconf 91' lang='lat' dir='ltr'><strong>quo</strong></span> 
     </span>
     <span class='ocr_line' id='line_1_33' title="bbox 136 3870 1189 3953; baseline -0.002 -19"><span class='ocrx_word' id='word_1_244' title='bbox 136 3872 249 3936; x_wconf 88' lang='lat' dir='ltr'><strong>«nobis</strong></span> <span class='ocrx_word' id='word_1_245' title='bbox 265 3889 299 3936; x_wconf 84' lang='lat' dir='ltr'><strong>et</strong></span> <span class='ocrx_word' id='word_1_246' title='bbox 307 3871 470 3936; x_wconf 83' lang='lat' dir='ltr'><strong>difficilius</strong></span> <span class='ocrx_word' id='word_1_247' title='bbox 483 3872 607 3935; x_wconf 84' lang='lat' dir='ltr'><strong>bellum</strong></span> <span class='ocrx_word' id='word_1_248' title='bbox 623 3871 696 3953; x_wconf 87' lang='lat' dir='ltr'><strong>fiat,</strong></span> <span class='ocrx_word' id='word_1_249' title='bbox 711 3887 743 3935; x_wconf 90' lang='lat' dir='ltr'><strong>et</strong></span> <span class='ocrx_word' id='word_1_250' title='bbox 756 3870 1096 3935; x_wconf 83' lang='lat' dir='ltr'><strong>invidiosiorvictoria.</strong></span> <span class='ocrx_word' id='word_1_251' title='bbox 1107 3871 1189 3934; x_wconf 83' lang='lat' dir='ltr'><strong>Nam</strong></span> 
     </span>
     <span class='ocr_line' id='line_1_34' title="bbox 136 3969 1192 4060; baseline -0.006 -24"><span class='ocrx_word' id='word_1_252' title='bbox 136 3975 225 4055; x_wconf 86' lang='lat' dir='ltr'><strong>«ille,</strong></span> <span class='ocrx_word' id='word_1_253' title='bbox 246 3976 303 4039; x_wconf 93' lang='lat' dir='ltr'><strong>ubi</strong></span> <span class='ocrx_word' id='word_1_254' title='bbox 325 3975 455 4038; x_wconf 87' lang='lat' dir='ltr'><strong>fortuna</strong></span> <span class='ocrx_word' id='word_1_255' title='bbox 477 3997 536 4038; x_wconf 90' lang='lat' dir='ltr'><strong>nos</strong></span> <span class='ocrx_word' id='word_1_256' title='bbox 557 3974 735 4056; x_wconf 79' lang='lat' dir='ltr'><strong>adjuverit,</strong></span> <span class='ocrx_word' id='word_1_257' title='bbox 753 3972 914 4038; x_wconf 86' lang='lat' dir='ltr'><strong>vindicare</strong></span> <span class='ocrx_word' id='word_1_258' title='bbox 933 3972 1069 4060; x_wconf 76' lang='lat' dir='ltr'><strong>privates</strong></span> <span class='ocrx_word' id='word_1_259' title='bbox 1089 3969 1192 4032; x_wconf 91' lang='lat' dir='ltr'><strong>inimi·</strong></span> 
     </span>
     <span class='ocr_line' id='line_1_35' title="bbox 137 4077 1190 4164; baseline -0.005 -27"><span class='ocrx_word' id='word_1_260' title='bbox 137 4077 244 4139; x_wconf 82' lang='lat' dir='ltr'><strong>«citias</strong></span> <span class='ocrx_word' id='word_1_261' title='bbox 258 4077 487 4140; x_wconf 88' lang='lat' dir='ltr'><strong>communibus</strong></span> <span class='ocrx_word' id='word_1_262' title='bbox 505 4078 602 4140; x_wconf 86' lang='lat' dir='ltr'><strong>armis</strong></span> <span class='ocrx_word' id='word_1_263' title='bbox 621 4078 727 4157; x_wconf 82' lang='lat' dir='ltr'><strong>volct;</strong></span> <span class='ocrx_word' id='word_1_264' title='bbox 747 4092 780 4140; x_wconf 88' lang='lat' dir='ltr'><strong>et</strong></span> <span class='ocrx_word' id='word_1_265' title='bbox 798 4097 895 4164; x_wconf 84' lang='lat' dir='ltr'><strong>supra</strong></span> <span class='ocrx_word' id='word_1_266' title='bbox 912 4091 1059 4138; x_wconf 83' lang='lat' dir='ltr'><strong>naturam</strong></span> <span class='ocrx_word' id='word_1_267' title='bbox 1077 4086 1190 4135; x_wconf 67' lang='lat' dir='ltr'><strong>scevam</strong></span> 
     </span>
    </p>
   </div>
   <div class='ocr_carea' id='block_1_4' title="bbox 136 4173 1225 4571">
    <p class='ocr_par' dir='ltr' id='par_1_6' title="bbox 136 4173 1225 4571">
     <span class='ocr_line' id='line_1_36' title="bbox 136 4173 1191 4268; baseline -0.008 -27"><span class='ocrx_word' id='word_1_268' title='bbox 136 4192 251 4266; x_wconf 80' lang='lat' dir='ltr'><strong>«atque</strong></span> <span class='ocrx_word' id='word_1_269' title='bbox 269 4180 527 4268; x_wconf 78' lang='lat' dir='ltr'><strong>sanguinarium,</strong></span> <span class='ocrx_word' id='word_1_270' title='bbox 543 4179 753 4244; x_wconf 78' lang='lat' dir='ltr'><strong>contumelias</strong></span> <span class='ocrx_word' id='word_1_271' title='bbox 767 4199 840 4242; x_wconf 88' lang='lat' dir='ltr'><strong>suas</strong></span> <span class='ocrx_word' id='word_1_272' title='bbox 854 4192 887 4241; x_wconf 88' lang='lat' dir='ltr'><strong>et</strong></span> <span class='ocrx_word' id='word_1_273' title='bbox 901 4173 1042 4263; x_wconf 86' lang='lat' dir='ltr'><strong>pericula</strong></span> <span class='ocrx_word' id='word_1_274' title='bbox 1059 4194 1191 4260; x_wconf 77' lang='lat' dir='ltr'><strong>nuperae</strong></span> 
     </span>
     <span class='ocr_line' id='line_1_37' title="bbox 136 4278 1191 4369; baseline -0.009 -25"><span class='ocrx_word' id='word_1_275' title='bbox 136 4281 238 4369; x_wconf 70' lang='lat' dir='ltr'><strong>«lnge</strong></span> <span class='ocrx_word' id='word_1_276' title='bbox 259 4281 293 4343; x_wconf 89' lang='lat' dir='ltr'><strong>in</strong></span> <span class='ocrx_word' id='word_1_277' title='bbox 318 4280 490 4343; x_wconf 80' lang='lat' dir='ltr'><strong>consilium</strong></span> <span class='ocrx_word' id='word_1_278' title='bbox 508 4278 683 4345; x_wconf 83' lang='lat' dir='ltr'><strong>adhibebit.</strong></span> <span class='ocrx_word' id='word_1_279' title='bbox 705 4278 860 4344; x_wconf 89' lang='lat' dir='ltr'><strong>Nondum</strong></span> <span class='ocrx_word' id='word_1_280' title='bbox 881 4279 950 4340; x_wconf 83' lang='lat' dir='ltr'><strong>baec</strong></span> <span class='ocrx_word' id='word_1_281' title='bbox 974 4290 1041 4340; x_wconf 86' lang='lat' dir='ltr'><strong>erat</strong></span> <span class='ocrx_word' id='word_1_282' title='bbox 1060 4294 1191 4362; x_wconf 82' lang='lat' dir='ltr'><strong>passus,</strong></span> 
     </span>
     <span class='ocr_line' id='line_1_38' title="bbox 137 4379 1225 4468; baseline -0.008 -24"><span class='ocrx_word' id='word_1_283' title='bbox 137 4402 259 4466; x_wconf 91' lang='lat' dir='ltr'><strong>·quum</strong></span> <span class='ocrx_word' id='word_1_284' title='bbox 276 4381 321 4443; x_wconf 92' lang='lat' dir='ltr'><strong>ob</strong></span> <span class='ocrx_word' id='word_1_285' title='bbox 336 4381 484 4444; x_wconf 80' lang='lat' dir='ltr'><strong>tribunos</strong></span> <span class='ocrx_word' id='word_1_286' title='bbox 498 4381 539 4443; x_wconf 88' lang='lat' dir='ltr'><strong>ab</strong></span> <span class='ocrx_word' id='word_1_287' title='bbox 557 4382 699 4445; x_wconf 86' lang='lat' dir='ltr'><strong>exercitu</strong></span> <span class='ocrx_word' id='word_1_288' title='bbox 719 4379 894 4468; x_wconf 80' lang='lat' dir='ltr'><strong>lapidatos,</strong></span> <span class='ocrx_word' id='word_1_289' title='bbox 912 4398 1096 4465; x_wconf 80' lang='lat' dir='ltr'><strong>quanquam</strong></span> <span class='ocrx_word' id='word_1_290' title='bbox 1117 4387 1190 4438; x_wconf 83' lang='lat' dir='ltr'><strong>ante</strong></span> <span class='ocrx_word' id='word_1_291' title='bbox 1224 4383 1225 4386; x_wconf 76' lang='grc'>’</span> 
     </span>
     <span class='ocr_line' id='line_1_39' title="bbox 136 4475 1191 4571; baseline -0.007 -28"><span class='ocrx_word' id='word_1_292' title='bbox 136 4483 242 4546; x_wconf 77' lang='lat' dir='ltr'><strong>«lones</strong></span> <span class='ocrx_word' id='word_1_293' title='bbox 258 4481 346 4545; x_wconf 80' lang='lat' dir='ltr'><strong>ultor</strong></span> <span class='ocrx_word' id='word_1_294' title='bbox 361 4495 462 4562; x_wconf 82' lang='lat' dir='ltr'><strong>essct,</strong></span> <span class='ocrx_word' id='word_1_295' title='bbox 479 4482 598 4545; x_wconf 88' lang='lat' dir='ltr'><strong>multos</strong></span> <span class='ocrx_word' id='word_1_296' title='bbox 614 4482 755 4571; x_wconf 85' lang='lat' dir='ltr'><strong>insignes</strong></span> <span class='ocrx_word' id='word_1_297' title='bbox 774 4480 858 4544; x_wconf 75' lang='lat' dir='ltr'><strong>viros</strong></span> <span class='ocrx_word' id='word_1_298' title='bbox 871 4495 1004 4566; x_wconf 87' lang='lat' dir='ltr'><strong>propter</strong></span> <span class='ocrx_word' id='word_1_299' title='bbox 1020 4475 1191 4541; x_wconf 80' lang='lat' dir='ltr'><strong>amicitiam</strong></span> 
     </span>
    </p>
   </div>
   <div class='ocr_carea' id='block_1_5' title="bbox 0 0 1349 5018">
    <p class='ocr_par' dir='ltr' id='par_1_7' title="bbox 0 0 1349 5018">
     <span class='ocr_line' id='line_1_40' title="bbox 0 0 1349 5018; baseline 0 0"><span class='ocrx_word' id='word_1_300' title='bbox 0 0 1349 5018; x_wconf 95' lang='lat' dir='ltr'><strong> </strong></span> 
     </span>
    </p>
   </div>
  </div>
 </body>
</html>
