2670 5018
628 34 712 60 amn
743 19 942 74 munerant,
970 2 1168 57 Antiochiam

601 98 756 186 qunnuliu
775 97 819 159 cis
835 95 1032 182 Euphratem
1050 95 1112 159 fuit
1133 96 1170 157 ht

600 199 674 262 tulit
691 220 698 260 :
719 219 826 284 neque
842 213 965 277 tamen,
980 197 1090 285 legatis
1103 214 1135 260 et
1146 220 1172 259 ot

599 322 713 363 ronem
729 298 771 361 ud
792 297 973 361 subsidium
996 299 1172 362 vocantibu

597 400 719 481 voluit3
738 398 847 461 omnia
864 399 988 488 perpeti
1005 400 1114 480 malle,
1131 422 1176 487 qu

598 500 742 589 eguisse,
760 521 825 587 prae
846 521 880 562 se
899 498 1016 564 ferens.
1038 502 1145 586 Atque
1168 500 1178 563 1

598 598 689 687 quod
709 598 876 687 sequitur,
895 601 1147 663 constantissimi
1169 624 1180 663 ι

597 700 669 764 suit.
690 700 782 763 Duos
800 700 898 763 simul
920 701 1054 789 egregiae
1078 700 1179 766 indoli

598 802 793 889 quibusdam
806 824 920 865 eorum
933 802 1093 889 equitum,
1102 803 1184 889 quit

597 903 630 965 in
645 925 784 992 regnum
798 900 1010 983 reduxerant,
1030 902 1147 966 deinde
1161 926 1186 967 o

640 1005 740 1067 XLII.
768 1001 806 1066 ld
830 1002 883 1066 ille
906 1003 1125 1067 infortunium
1146 1005 1188 1094 inl

596 1105 743 1167 nuntiata
755 1118 860 1166 moue
874 1100 1031 1185 filiorum,
1044 1104 1189 1192 postridie

594 1219 772 1293 posteaque
787 1204 939 1267 remissos
952 1204 992 1267 ad
1007 1228 1041 1267 se
1053 1205 1188 1270 interfec

491 1294 496 1303 ¹
593 1307 677 1371 renti
692 1327 804 1369 recens
826 1303 981 1368 derUCiO
1001 1323 1193 1371 successerai

592 1410 757 1496 reginam
770 1404 900 1486 addito,
908 1418 1096 1494 potestatem
1111 1408 1195 1498 huju

592 1524 715 1575 senatus
720 1556 730 1589 ‚
751 1530 813 1571 esse
823 1506 942 1571 debere.
960 1509 991 1570 ls
1007 1507 1107 1598 igitur
1119 1510 1197 1573 Bibu

592 1613 710 1688 nisset,
726 1624 859 1697 nocepto
873 1609 1032 1691 exercitu,
1049 1611 1083 1673 in
1098 1611 1200 1675 Amen

591 1712 735 1777 hostium
747 1711 1037 1799 sempiternorum,
1053 1712 1200 1776 materies

591 1814 656 1880 sed
678 1830 809 1895 contra,
829 1835 927 1900 quam
946 1829 1144 1899 speraverat,
1162 1836 1200 1877 re

591 1914 754 2002 proterio,
771 1930 804 1978 et
816 1913 930 1977 Asinio
946 1915 1111 1996 Dentone‚
1127 1915 1200 2002 qui]

636 2016 754 2080 XLlll.
767 2015 903 2079 Felicior
912 2014 945 2078 in
958 2013 1073 2078 eodem
1089 2032 1200 2079 monte

591 2138 667 2179 nam
684 2138 893 2180 communem
908 2116 960 2178 ille
976 2138 1052 2179 oum
1067 2116 1183 2180 Bibulo

590 2239 664 2280 rum
681 2216 826 2281 divortiis
843 2217 1062 2282 dividentibus
1080 2218 1200 2305 provin<

590 2316 666 2382 dine
679 2319 821 2380 hostium
834 2322 935 2369 nanta..
968 2321 1102 2358 um.-.
