2670 5018
147 742 212 817 aba
318 744 744 817 JO.FRE1NSHEMII
773 745 1016 816 SUPPLEM.

141 869 291 957 appulso,
307 862 678 952 statimque-sacrificanti
685 866 777 947 jeour
785 865 970 953 apparuisse
981 863 1060 929 dicit
1069 886 1200 931 corono

142 971 261 1061 figura,
276 969 573 1054 lemniscorumque
585 966 661 1034 inde
678 966 943 1057 dependentium.
955 965 1069 1049 Quum
1081 964 1199 1032 deinde

141 1096 200 1160 per
211 1071 387 1136 Calabriam
399 1069 631 1157 Apuliamque,
648 1092 722 1134 curn
737 1068 891 1158 singulari
905 1066 1062 1131 modestia
1079 1068 1199 1133 exerci-

142 1190 212 1252 tus,
229 1189 266 1235 ut
284 1195 350 1234 non
365 1170 553 1235 hominibus
569 1186 695 1235 tantum
708 1168 920 1258 oppidisque,
936 1167 993 1233 sed
1008 1168 1104 1233 etiam
1115 1170 1197 1259 agris

144 1290 177 1336 et
189 1272 337 1361 frugibus
348 1289 551 1361 parceretur,
567 1271 602 1336 in
613 1272 819 1362 Campaniam
833 1267 1062 1352 contenderet,
1077 1268 1120 1352 Q.
1129 1268 1198 1334 Me·

143 1374 237 1436 tellus
251 1396 325 1436 cum
347 1374 413 1437 suis
432 1373 533 1460 copiis
553 1372 586 1435 in
609 1372 724 1436 itinere
739 1369 871 1436 adeum
888 1368 994 1452 venit;
1012 1367 1146 1457 duoque
1164 1367 1199 1433 hi

141 1474 350 1561 imperatores
366 1471 633 1561 proconsulibus,
648 1473 774 1539 honore
787 1471 913 1560 potius,
928 1492 1026 1559 quam
1042 1485 1200 1559 potestate

141 1577 225 1664 pari,
243 1599 293 1639 res
311 1575 536 1640 administrare
550 1590 729 1663 coeperunt.

186 1676 227 1739 11.
248 1677 372 1764 Legatis
391 1674 508 1739 deinde
527 1672 691 1739 mittendis
713 1675 831 1738 iterum
851 1687 974 1738 tentata
997 1694 1070 1760 spes
1092 1671 1199 1760 pacis,

139 1777 296 1863 justaeque
314 1776 515 1840 conditiones
531 1776 723 1865 proposita,
738 1773 795 1839 sed
806 1773 932 1839 violatis
943 1797 962 1838 a
973 1773 1107 1838 consule
1119 1774 1201 1838 Non·

142 1876 227 1939 bano
245 1877 373 1964 legatis,
387 1893 495 1941 tantus
509 1874 605 1940 ardor
619 1876 824 1940 Sullanorum
841 1875 923 1958 fuit,
941 1891 994 1957 ut,
1009 1874 1198 1963 priusquam

141 1975 283 2039 ordinari
302 1978 384 2041 acies
401 1993 526 2065 posset,
545 1976 719 2066 lymphatis
736 1977 854 2041 similes
873 1977 909 2040 in
926 1977 1054 2041 hostem
1073 1976 1199 2064 impetu

142 2076 355 2140 incurrerent.
374 2079 409 2141 C.
418 2077 592 2141 Norbanus
606 2078 720 2141 consul
738 2099 812 2140 cum
829 2079 865 2140 C.
876 2077 980 2142 Mario
995 2074 1200 2141 adolescente

143 2201 274 2266 magnas
292 2178 399 2265 copias
416 2179 501 2242 inter
512 2181 654 2267 Capuam
668 2195 701 2243 et
709 2178 883 2242 Casilinum
895 2178 1058 2242 Vulturno
1072 2178 1199 2243 assitam

144 2280 303 2344 coloniam
326 2280 484 2360 habebat,
508 2303 575 2368 quo
598 2280 671 2345 loco
693 2281 789 2366 paulo
815 2296 989 2367 antequam
1013 2279 1046 2342 in
1076 2280 1200 2344 Italiam

142 2382 229 2445 Sulla
245 2382 503 2462 transcenderet,
519 2380 590 2445 duae
607 2382 707 2462 acies,
728 2403 803 2444 cum
820 2377 985 2444 horrendo
1004 2381 1130 2469 fragore
1149 2403 1201 2443 ar·

142 2505 290 2561 morum,
312 2482 546 2570 signorumque
567 2481 721 2567 strepitu,
744 2502 802 2568 per
819 2481 928 2569 plures
945 2480 1014 2544 dies
1030 2480 1105 2544 vise
1121 2502 1202 2544 eon·

143 2606 289 2661 currere,
306 2583 424 2645 sensim
441 2605 458 2645 e
474 2598 649 2670 conspectu
665 2582 837 2645 hominum
852 2582 886 2644 in
900 2604 1007 2645 aerem
1024 2580 1112 2645 elatae
1128 2604 1202 2644 eva·

143 2697 298 2762 nuerant,
311 2683 428 2746 relictis
439 2705 599 2771 equorum
611 2682 849 2769 hominumque
859 2682 1015 2770 vestigiis,
1026 2681 1202 2770 herbisque

143 2805 179 2844 ac
194 2782 340 2869 virgultis
356 2784 444 2847 velut
459 2805 570 2847 recens
584 2783 738 2871 protritis.

186 2882 244 2946 111.
257 2883 369 2946 Praelio
385 2884 576 2966 commisso,
591 2906 696 2970 neque
711 2906 819 2973 pugna
834 2906 970 2972 anceps,
984 2905 1091 2970 neque
1102 2906 1203 2948 coeso·

141 3004 216 3043 rum
233 2984 386 3070 utrinque
401 3007 557 3048 numerus
577 2984 659 3048 alius
676 2984 753 3064 fuit,
769 3008 867 3072 quam
885 2986 913 3049 si
935 2984 1013 3049 hinc
1033 2985 1202 3067 mulieres,

141 3080 218 3144 inde
235 3083 293 3145 viri
315 3084 558 3147 constitissent:
575 3099 697 3173 septem
717 3085 814 3149 millia
835 3085 876 3148 de
892 3086 1039 3150 Norbani
1059 3086 1202 3150 exercitu

143 3184 345 3259 ceciderunt,
367 3208 422 3248 sex
440 3185 539 3247 millia
557 3201 647 3272 capta
668 3200 764 3267 sunt3
783 3186 870 3250 Sulla
887 3187 1004 3250 milites
1023 3184 1112 3250 haud
1133 3208 1203 3250 am·

143 3286 227 3372 plius
246 3303 378 3349 centum
398 3286 511 3375 viginti
532 3301 672 3373 quatuor
687 3285 803 3350 amisit.
816 3287 918 3350 Victis
928 3288 1035 3374 Capua
1051 3303 1203 3376 receptus

144 3386 225 3465 fuit3
242 3387 378 3449 victores
394 3387 458 3449 hoc
473 3387 562 3449 velut
576 3385 686 3449 omine
703 3385 777 3448 belli
792 3388 871 3468 lati,
888 3410 1075 3475 quanquam
1091 3389 1203 3452 multis

143 3488 287 3572 partibus
297 3489 485 3574 ampliorem
502 3509 570 3550 esse
582 3485 726 3550 hostium
742 3509 917 3553 numerum
929 3489 1090 3570 sciebant,
1106 3510 1142 3552 se
1155 3504 1204 3553 ta·

144 3611 219 3651 men
240 3590 421 3675 superiores
437 3588 565 3650 futuros
579 3587 752 3667 rebantur3
770 3588 869 3674 idque
883 3612 985 3653 causae
999 3589 1099 3652 fuisse
1115 3588 1205 3652 Sulla

144 3689 290 3769 tradidit,
302 3713 360 3752 cur
371 3690 481 3752 nonin
492 3687 609 3777 oppida
618 3687 889 3779 dispergerentur,
899 3690 988 3778 quod
999 3691 1051 3753 ille
1060 3690 1204 3754 facttaros

143 3806 303 3854 timuerat.

187 3891 241 3956 lv.
258 3894 343 3979 Ergo
357 3892 463 3955 faciles
477 3892 569 3973 duci,
584 3915 651 3980 quo
663 3893 913 3980 imperatoribus
927 3891 1107 3974 videretur,
1123 3894 1205 3956 Tea·

141 4014 221 4054 num
244 3992 422 4056 Sidicinum
445 4009 680 4080 processerunt.
700 3994 789 4056 Inter
807 3993 955 4057 eundum
971 3992 1080 4057 Pontii
1094 3992 1204 4073 cujus-

143 4093 216 4156 dam
234 4116 344 4155 servus
360 4094 518 4157 fanaticus
532 4093 611 4157 adiit
626 4095 762 4178 Sullam,
776 4094 1008 4182 victoriamque
1023 4117 1058 4158 se
1072 4093 1102 4157 ei
1116 4115 1204 4158 nun·

176 4328 191 4392 §
208 4331 228 4375 1.
240 4329 271 4374 U.
286 4328 314 4375 C.
330 4327 394 4387 6693
408 4328 439 4374 A.
449 4328 476 4376 C.
490 4326 532 4374 83.
541 4352 575 4362 -
584 4325 649 4374 vell.
660 4327 701 4383 11,
715 4333 756 4381 at.
770 4353 804 4362 --
818 4324 941 4375 Plutarch.
955 4325 983 4372 in
995 4324 1079 4382 Sulla,
1093 4340 1149 4389 cap.
1161 4325 1205 4376 Sa.

143 4439 177 4449 -
192 4411 298 4474 Appian.
308 4437 342 4445 -
355 4409 371 4473 s
384 4411 417 4458 11.
430 4409 482 4455 biv.
496 4407 562 4475 Epit.
571 4436 605 4445 —
614 4409 677 4457 Vell.
689 4435 723 4445 -
737 4408 802 4458 Plus.
816 4436 850 4445 —
864 4407 914 4456 Jul-
926 4407 1017 4471 Obseq.
1030 4422 1084 4477 cap.
1098 4409 1157 4455 118.
1170 4432 1205 4445 ·-

142 4493 216 4571 §1113
231 4493 294 4541 Plut.
308 4494 505 4550 —Oros.V,ao.
520 4520 552 4530 -
570 4494 672 4557 Eutrop.
690 4519 724 4529 -
743 4491 850 4557 Appian.
