2670 5018
246 779 267 848 8
422 777 490 847 JO.
517 774 857 845 FllElNSHEMlI
887 767 1134 847 SUPPLElll.

244 901 321 965 bern
334 899 475 965 intendit
489 920 622 963 cursum
635 921 643 963 τ
656 913 772 988 praeter
787 900 868 983 alia,
890 899 1011 989 quibus
1029 901 1244 985 incitabatur,
1259 928 1318 992 per

244 1002 411 1067 somnium
423 1022 558 1089 quoque
570 999 814 1066 stimulantibus
826 1002 940 1092 geniis.

288 1105 379 1169 XIX.
398 1102 482 1167 Nam
505 1123 578 1190 quae
598 1102 828 1192 Cappadocum
848 1104 999 1169 instituto
1019 1104 1131 1169 Romae
1149 1107 1318 1172 colebatur

235 1205 303 1270 'dea
324 1206 336 1293 (
345 1208 492 1285 Lunam,
509 1226 552 1267 an
572 1204 772 1289 Minervam,
786 1230 827 1270 an
843 1228 922 1271 vero
939 1206 1103 1271 Bellonam
1123 1209 1316 1298 interpreta-

241 1324 372 1389 rentur,
384 1307 446 1397 ipsi
458 1329 592 1397 quoque
606 1306 820 1395 dubitabant)
835 1320 906 1372 eam
921 1309 1068 1372 assistere
1084 1309 1145 1374 sibi
1158 1334 1217 1400 per
1228 1313 1318 1400 quie·

237 1426 308 1474 'tem
320 1409 402 1474 vidit
413 1410 520 1492 Sulla,
532 1411 724 1499 fulmenque
740 1412 923 1501 porrigere,
941 1411 1147 1500 recitatisque
1165 1414 1316 1478 inimico·

240 1532 316 1576 rum
335 1512 405 1593 ejus
419 1512 628 1595 nominibus,
641 1512 684 1577 ad
696 1512 822 1603 singula
838 1514 1048 1602 praecepisse,
1066 1514 1197 1599 feriret3
1216 1533 1316 1605 atque

240 1613 333 1696 illos,
351 1629 505 1704 tanquam
521 1614 562 1679 ad
577 1616 679 1679 ictum
695 1614 924 1697 concidentes,
939 1637 1139 1680 evanescere.
1156 1616 1195 1680 Id
1208 1618 1314 1682 risum

241 1717 371 1806 collegae
390 1717 546 1799 narravit,
560 1718 635 1805 qui,
650 1739 726 1781 cum
742 1716 838 1781 laude
858 1733 891 1781 et
911 1716 1180 1805 gratulationibus
1200 1740 1316 1782 occur-

240 1840 333 1901 rens,
351 1817 392 1883 ad
411 1820 522 1883 omnia
537 1841 671 1908 operam
692 1841 783 1882 suam
797 1818 1000 1907 promiserat.
1019 1821 1147 1884 Interea
1160 1820 1314 1902 secundi,

240 1920 360 1986 deinde
369 1922 457 1987 tertii
471 1920 513 1987 ab
527 1920 617 1987 Urbe
630 1920 726 2011 legati
741 1938 916 2005 venerant,
933 1921 1071 2010 quibus,
1088 1943 1218 1985 causam
1236 1944 1316 1986 con·

239 2022 301 2085 silii
314 2038 380 2087 tam
393 2024 564 2112 praecipitis
578 2023 836 2112 requirentibus,
851 2023 939 2088 idem
952 2046 1146 2112 responsum
1159 2024 1315 2089 omnibus

240 2121 369 2207 datum,
384 2125 432 2188 ad
447 2124 645 2189 liberandam
663 2125 833 2210 tyrannide
845 2128 990 2214 patariam
1008 2128 1069 2189 iri:
1082 2141 1248 2216 postremo
1265 2142 1315 2191 ta·

240 2248 316 2289 men
335 2226 470 2309 adjecit,
491 2231 519 2291 εἰ
536 2241 664 2292 senatus
682 2250 754 2291 curn
766 2230 874 2294 Mario
887 2244 919 2292 et
929 2228 1067 2318 Sulpicii>
1082 2229 1265 2292 &scandere
1281 2232 1316 2292 iu

240 2352 386 2419 campum
403 2332 558 2394 Martium
573 2330 666 2410 velit,
682 2329 767 2394 nillil
776 2354 822 2410 se,
839 2334 901 2395 nisi
910 2330 950 2394 de
964 2333 1127 2395 communi
1140 2333 1295 2395 sententia
1303 2380 1313 2411 ,

239 2442 386 2496 auarum
399 2456 470 2496 esse.

284 2534 358 2597 XX.
371 2533 435 2598 Sed
451 2534 573 2598 Marius
590 2534 835 2624 Sulpiciusque,
853 2556 961 2622 neque
973 2534 1048 2599 fidei
1060 2557 1094 2598 se
1109 2536 1233 2598 inimici
1247 2557 1316 2598 crc-

242 2633 318 2698 dere
329 2637 417 2718 ausi,
433 2659 540 2725 neque
552 2639 626 2701 satis
637 2639 739 2726 parati
749 2637 791 2701 ad
805 2635 1038 2718 resistendum,
1052 2658 1171 2699 noram
1183 2652 1315 2699 senatus

241 2738 374 2801 nomine
399 2740 594 2829 legationem
620 2740 775 2820 mittunt3
804 2737 896 2817 cujus
924 2736 994 2801 haec
1019 2734 1169 2799 mandata
1197 2735 1314 2800 luere:

239 2839 435 2904 «Neminem
453 2842 573 2930 magis,
592 2864 690 2929 quam
709 2842 796 2929 ipsos
811 2840 962 2903 consules
974 2887 983 2920 ,
995 2839 1095 2919 scire,
1112 2854 1315 2929 quantopere

238 2963 389 3029 asemper
414 2958 545 3007 senatus
576 2943 774 3016 laborasset,
801 2942 849 3005 uti
874 2940 1070 3022 amborum,
1099 2955 1131 3004 et
1154 2940 1316 3028 praecipue

239 3073 252 3097 «ι
263 3043 297 3107 L.
314 3042 434 3125 Sullae,
458 3066 520 3131 pro
546 3044 816 3133 praestantissimis
845 3044 879 3105 in
909 3043 1144 3130 rempublicam
1173 3041 1314 3122 meritis,

238 3166 360 3231 «quam
379 3146 574 3234 amplissima
594 3145 734 3235 dignitas
757 3146 852 3209 soret.
877 3146 1040 3209 Caeterum
1059 3167 1129 3207 eam
1147 3165 1216 3207 esse
1235 3165 1315 3206 con·

238 3277 251 3299 ¹«
261 3245 421 3310 ditionem
437 3248 570 3328 Romae,
593 3264 631 3312 ut
649 3270 734 3335 saepe
755 3264 869 3312 contra
884 3248 1087 3311 voluntatem
1105 3259 1236 3308 senatus
1255 3268 1315 3333 po·

238 3347 331 3437 «puli
345 3348 432 3427 jussa
447 3350 594 3430 valeant,
618 3350 796 3438 praesertim
815 3350 871 3412 ubi
891 3366 1026 3438 propter
1043 3364 1168 3412 metum
1186 3346 1315 3426 majoris

238 3481 252 3506 ι
263 3452 358 3537 mali,
384 3450 658 3538 prudentissimus
688 3451 827 3540 quisque
858 3448 1108 3513 concedendum
1142 3449 1315 3513 temeritati

239 3554 481 3618 «multitudinis
499 3570 601 3642 putet.
624 3554 664 3618 ld
683 3553 766 3618 adeo
782 3575 889 3640 nuper
906 3551 1003 3615 ctiam
1022 3550 1195 3631 accidisse,
1215 3551 1253 3613 iis
1269 3553 1315 3613 l'e·

237 3657 370 3720 «rendis
385 3657 528 3746 legibus,
542 3656 694 3744 aquibus
709 3653 799 3718 haud
815 3654 924 3717 minus
941 3653 1056 3740 reliqui
1073 3653 1200 3731 Patres,
1216 3674 1314 3739 quam

239 3790 252 3812 «ι
263 3758 413 3821 consules
429 3758 509 3844 ipsi,
522 3757 730 3821 abhorreant.

283 3860 375 3922 XXI.
393 3861 539 3923 «Verum
555 3861 738 3941 enimver0,
751 3860 785 3923 in
800 3858 902 3921 libero
920 3858 1045 3945 populo
1062 3856 1165 3918 multa
1179 3853 1315 3917 serenda

239 3983 332 4025 «esse
358 3960 619 4049 potentioribus,
639 3960 747 4026 donae
770 3976 839 4023 arte
860 3976 893 4024 et
908 3959 1079 4022 occasione
1099 3956 1315 4044 corrigantur.

240 4064 311 4125 «lta
321 4062 544 4127 Gracchorum
559 4064 656 4145 olim,
671 4064 714 4128 ita
728 4078 840 4152 postea
850 4061 1017 4126 Saturnini
1029 4059 1230 4148 rogationes,
1244 4082 1316 4145 qum

238 4194 250 4217 «
261 4163 461 4227 ferventibus
487 4164 601 4252 populi
629 4164 744 4228 studiis
767 4165 855 4227 nulla
878 4164 910 4226 vi
936 4162 1118 4251 potuissent
1141 4160 1315 4247 impediri,

238 4280 407 4355 “tempore
424 4282 550 4352 (raptato
567 4267 646 4330 citra
665 4267 846 4330 tumultum
864 4266 997 4329 abolitas
1016 4286 1095 4327 esse.
1116 4262 1208 4327 Idem
1227 4286 1316 4324 nunt·

273 4480 290 4544 5
307 4482 403 4530 llVlll.
419 4479 543 4529 Plutarch.
558 4481 585 4529 itt
599 4480 694 4539 Mario,
713 4496 767 4543 cap.
783 4478 828 4534 53,
845 4490 869 4526 et
883 4479 907 4525 itt
924 4477 1003 4535 Sulla,
1023 4492 1077 4541 cap.
1094 4492 1134 4535 ¹7·
1156 4502 1190 4511 -
1209 4471 1225 4536 §
1241 4474 1313 4519 xlx.

45 4558 184 4730 ’Ἴ
236 4565 347 4629 Appiam
367 4594 400 4602 -
417 4565 540 4613 Plutarch.
