2670 5018
275 627 337 698 IN
369 625 485 694 LOC.
509 625 604 694 LIB.
631 627 816 696 LXXXII
845 630 1059 703 LIVIANI.
1142 630 1208 707 103

129 745 340 836 fugientibus
357 767 513 809 romanus
529 745 621 809 miles
636 747 771 835 irrupit,
788 750 954 839 captisque
968 753 1094 836 castris,
1107 755 1210 822 vieto·

130 848 211 911 riam
230 847 486 910 consummavit.

174 948 302 1011 XVIII.
320 947 473 1011 Hostium
490 970 527 1011 ea
542 947 597 1012 dio
613 966 747 1014 centum
761 952 859 1017 millia
875 975 955 1041 crosa
970 957 1208 1044 perbibentnr3

134 1074 202 1114 non
218 1072 320 1137 supra
335 1048 449 1113 decem
466 1050 564 1113 millia
582 1074 658 1114 cum
672 1052 830 1116 Archelao
845 1047 1031 1120 Chalcidem
1054 1061 1207 1150 perfuge-

136 1167 232 1215 runt:
246 1173 357 1238 neque
373 1166 461 1214 tanta
475 1150 516 1215 de
531 1152 715 1239 asperrimis
729 1154 881 1243 gentibus
897 1157 1032 1221 victoria
1044 1160 1119 1247 plus
1129 1160 1211 1228 duo·

137 1252 244 1316 decim
252 1253 409 1316 Romanis
423 1252 573 1336 abstulit,
588 1254 614 1317 si
629 1253 762 1342 quidem
776 1257 1025 1322 Commentariis
1035 1260 1130 1324 Sullae
1142 1283 1210 1325 cre-

139 1353 270 1417 dimus:
288 1352 537 1440 quatuordecim
556 1352 754 1419 desideratos
771 1357 871 1422 lirisse
890 1359 1019 1441 scribit,
1035 1360 1094 1425 sed
1112 1384 1210 1426 exeo

139 1477 277 1518 numero
300 1454 385 1519 duos
406 1455 468 1520 sub
487 1478 654 1545 vesperam
673 1458 853 1524 revertisse.
871 1460 924 1525 Ob
947 1461 1046 1540 hujus
1064 1463 1209 1528 victoria

139 1558 278 1621 letitiam
303 1557 399 1621 ludos
418 1558 541 1622 Thebis
564 1557 652 1647 apud
675 1559 903 1648 OEdipodeum
926 1561 1053 1627 fontem
1079 1564 1210 1648 edenti,

140 1661 225 1723 missi
246 1683 265 1722 a
282 1659 444 1742 Curione,
464 1676 590 1749 captam
605 1661 806 1726 Athenarum
822 1686 947 1745 arcem,
967 1679 1211 1754 tyrannumque

141 1762 172 1824 in
193 1761 348 1825 Minervae
368 1762 527 1850 templum
550 1762 753 1853 confugisse,
772 1764 944 1847 nuntiant;
966 1788 1070 1853 quum
1093 1765 1210 1831 eodem

140 1862 206 1945 die,
219 1881 257 1927 ut
264 1879 377 1951 postea
389 1879 594 1952 compertum
608 1879 674 1946 est,
686 1865 820 1928 victoria
829 1865 1066 1930 SullaeAthenis
1074 1868 1212 1933 Curioni

142 1966 345 2029 nuntiaretur
369 1965 655 2055 :multiplicatum
682 1964 804 2029 deinde
831 1988 888 2053 spe
913 1966 1045 2031 alterius
1070 1967 1225 2032 victorio·

142 2065 294 2155 gaudium
311 2083 379 2147 est,
398 2066 490 2146 cujus
500 2083 587 2131 certa
599 2090 634 2133 se
646 2066 807 2156 promissa
816 2066 858 2129 ab
872 2066 1066 2155 Trophonio
1078 2067 1211 2152 afferre,

143 2167 303 2249 Qslitius,
320 2168 478 2256 negotiari
493 2169 526 2231 in
538 2168 662 2234 Graecia
675 2169 807 2252 solitus,
822 2167 1003 2233 affirmabo
1014 2193 1022 2234 ι
1035 2171 1131 2234 etiam
1144 2171 1214 2236 Sal-

142 2269 254 2335 vienus
266 2269 461 2357 legionarius
472 2269 580 2351 miles,
596 2269 757 2334 adstitisse
771 2269 832 2334 sibi
845 2270 987 2358 speciem
998 2270 1084 2335 lovis
1097 2293 1135 2335 ea
1147 2292 1213 2334 rna-
1249 2322 1253 2328 .

140 2370 268 2453 jestate,
288 2392 353 2458 qua
377 2370 537 2458 Olympiae
557 2371 733 2454 viseretur,
757 2372 913 2452 asseruit,
945 2369 1043 2435 finem
1068 2372 1212 2436 civilium

143 2470 318 2551 bellorum,
334 2471 436 2557 qualis
451 2494 529 2536 mox
541 2488 766 2560 consequutus
780 2488 843 2554 est,
859 2471 1099 2560 praedicentem.

183 2573 274 2636 XIX.
298 2573 404 2636 Laetus
429 2572 479 2637 his
503 2574 697 2661 imperator,
724 2590 761 2641 ut
786 2575 955 2662 praescntia
978 2575 1222 2658 constitueret,

138 2673 302 2752 judicibus
318 2695 358 2736 ex
376 2673 445 2738 aliis
460 2673 592 2739 Graeciae
612 2675 795 2740 civitatibus
812 2677 971 2759 excitatis,
987 2676 1212 2759 Elatensibus,

142 2774 231 2863 quod
242 2774 346 2839 Taxili
360 2774 558 2839 Mithridatis
576 2778 727 2866 praefecto
743 2793 852 2865 portas
867 2779 1067 2861 clauserant,
1078 2778 1214 2844 liberta·

143 2893 224 2959 tem,
241 2899 340 2964 quam
353 2876 565 2941 macedonico
583 2877 725 2966 Philippi
742 2879 829 2943 bello
847 2880 1036 2961 amiserant,
1058 2878 1210 2946 reddidit.

142 2979 317 3044 Thebanos
331 2976 467 3042 dimidio
484 2979 552 3067 agri
567 2979 751 3062 mulctavit,
768 2997 801 3044 et
818 2979 908 3068 quod
924 2980 1001 3045 inde
1013 2983 1216 3068 provenisset

143 3082 175 3146 in
195 3096 381 3170 posterum,
401 3103 462 3169 pro
484 3078 648 3162 donariis,
668 3103 741 3169 quae
760 3081 934 3169 Olympio,
955 3097 989 3143 et
1008 3081 1161 3169 Delphis,
1181 3096 1216 3145 et

143 3183 298 3273 Epidauri
317 3183 511 3265 abstulerat,
527 3185 613 3266 Iovi,
631 3199 664 3247 et
679 3183 837 3271 Apollini,
854 3199 886 3247 et
898 3181 1087 3270 AEsculapio
1102 3204 1215 3247 conse·

145 3287 252 3349 oravit.
271 3287 447 3348 Armorum
464 3283 582 3348 deinde
600 3284 769 3349 hostilium
783 3307 935 3349 acervum
952 3283 1071 3374 gabino
1086 3284 1215 3369 cinctu,

145 3388 247 3476 patrio
266 3409 358 3451 more
376 3385 438 3451 diis
452 3386 528 3451 belli
544 3385 736 3475 praesidibus
756 3387 928 3466 cremavit3
943 3401 1216 3450 monumentum·
1271 3433 1274 3439 -

145 3512 208 3577 que
217 3489 318 3553 felicis
332 3489 433 3577 praelii
444 3488 554 3570 Marti,
564 3489 800 3577 Victoriaeque,
817 3505 851 3552 et
859 3487 979 3579 Veneri
993 3485 1215 3551 dedicandum

148 3590 282 3654 curavit.

187 3692 261 3756 XX.
290 3693 404 3776 Quum
433 3693 517 3759 inter
543 3693 613 3758 haec
640 3715 680 3758 ex
704 3693 870 3758 continuis
894 3691 1061 3756 laboribus
1086 3689 1216 3757 modica

146 3792 254 3880 quiete
267 3793 343 3858 satis
360 3793 497 3858 refectos
514 3817 589 3859 cum
606 3795 799 3884 corporibus
819 3792 959 3856 militum
980 3790 1107 3855 animos
1119 3808 1217 3880 puta·

146 3912 207 3978 ret,
225 3893 415 3984 Chalcidem
436 3917 512 3960 cum
531 3896 674 3961 exercitu
689 3896 856 3984 profectus
873 3909 932 3958 est.
947 3891 1011 3958 Sed
1032 3890 1108 3980 quia
1125 3892 1216 3957 navi·

146 3994 206 4061 bus
227 3997 350 4062 carenti
373 3997 463 4061 facile
485 3997 639 4086 proecludi
662 3997 770 4062 aditus
790 4012 935 4085 poterat,
963 3992 1139 4083 praesidiis,
1158 3993 1219 4059 ubi

148 4101 355 4186 profuturum
367 4098 553 4180 judicabat,
572 4099 752 4187 dispositis,
773 4099 916 4163 Athenas
932 4095 1089 4185 perrexit,
1101 4110 1139 4157 ut
1152 4117 1219 4182 poe·

181 4307 287 4373 sm.
305 4311 408 4358 Pausan.
426 4309 469 4357 lib.
490 4311 529 4358 tx
547 4320 571 4358 et
591 4310 627 4358 X.
652 4335 687 4347 -
703 4307 826 4358 Plutarch.
852 4335 887 4345 -
908 4306 1015 4372 Appitn.
1033 4331 1069 4344 —
1087 4304 1136 4353 Dio
1153 4304 1222 4369 apud

149 4390 225 4441 vales.
