2670 5018
216 794 272 864 ln
304 797 414 866 noc.
440 800 529 866 tm.
556 800 754 868 cxxxvi
784 802 996 900 Liviam.
1069 802 1135 891 165
1225 761 1231 772 ’

78 937 213 1005 aregum
231 914 312 980 fides
326 932 390 998 est,
407 918 567 983 Muraena!
585 935 707 1005 quanto
722 920 859 1006 quisque
871 921 1016 1008 pluribus
1027 924 1134 993 modis

78 1017 233 1105 «gratiam
255 1039 369 1081 eorum
392 1019 527 1096 meruit,
553 1035 642 1083 tanto
666 1020 858 1108 plerumque
880 1038 928 1109 est
946 1027 1133 1111 suspeetior.
1150 1108 1169 1115 ⁴,

79 1117 229 1182 «Amicos
245 1117 293 1181 uti
307 1141 373 1181 non
385 1119 532 1199 caritate,
551 1120 607 1183 sed
619 1143 658 1183 ex
673 1121 786 1185 usibus
797 1122 881 1202 suis,
896 1122 1058 1211 deligunt;
1073 1126 1136 1209 ita,

80 1217 195 1280 «simul
218 1241 333 1281 eorum
354 1220 480 1284 ruinam
501 1220 599 1284 rebus
618 1222 684 1284 suis
704 1223 815 1295 utilem
839 1245 908 1287 esse
930 1223 1136 1290 crediderunt

81 1317 214 1403 ⁸(vere,
236 1341 277 1384 an
300 1320 379 1384 falso
400 1321 433 1384 in
458 1343 528 1386 eam
545 1319 719 1386 inciderint
733 1321 937 1409 opinionem,
956 1323 1002 1386 nil
1019 1324 1136 1410 refert)

83 1420 281 1504 «quominus
303 1420 529 1485 crudelissimis
550 1421 702 1508 exemplis
725 1443 780 1484 eos
798 1421 1023 1509 pessumdent,
1045 1424 1136 1488 nullo

81 1520 224 1583 «aflectu
237 1520 427 1587 retinentur.
617 1594 622 1604 ³
1155 1522 1158 1530 ’

121 1623 163 1685 Χ.
178 1619 264 1685 «sed
280 1645 345 1709 prae
359 1625 481 1688 caeteris
502 1645 615 1687 eorum
636 1645 752 1710 anceps
771 1638 804 1687 et
818 1622 938 1687 lubrica
960 1638 1009 1685 est
1023 1623 1136 1704 static,

75 1723 155 1810 saqui
173 1723 298 1811 magnis
314 1725 505 1801 exercitibus
525 1723 754 1811 praeficiuntur.
772 1724 903 1811 Quippe
917 1724 984 1788 sive
1000 1724 1134 1789 feliciter
1213 1797 1216 1802 ,

82 1825 175 1913 «ipsis
189 1848 240 1890 res
257 1825 400 1907 decedit,
420 1825 559 1905 invidia,
575 1827 643 1890 sive
658 1827 873 1915 improspere,
896 1825 1134 1912 suspicionibus

83 1943 279 1990 «onerantur
293 1950 301 1991 ε
316 1949 422 2013 neque
438 1926 545 1990 dicere
561 1949 673 2014 queas,
687 1943 798 1996 utrum
814 1927 855 1990 sit
867 1926 954 2014 apud
968 1926 1036 1990 baec
1050 1927 1136 2015 inge·

83 2028 151 2090 ‹nia
170 2029 399 2115 periculosius,
418 2052 489 2117 quae
509 2029 637 2093 vincere
654 2028 753 2093 duces
773 2052 849 2111 suos
869 2029 1002 2110 volunt,
1021 2029 1134 2094 vicisse

83 2126 321 2217 «indignantur.
345 2131 415 2218 Ego
438 2131 601 2195 fortunam
629 2146 800 2218 utramque
825 2128 942 2193 ductor
967 2130 1133 2217 copiarum

84 2228 296 2293 -mirhridatis
310 2248 476 2318 expertus,
498 2253 565 2293 non
578 2230 667 2295 aliud
685 2254 745 2318 pro
761 2230 838 2293 meis
856 2252 1068 2322 meorumque
1086 2230 1139 2302 fn·¹

84 2329 176 2408 «ctis,
192 2330 399 2409 vulneribus,
420 2331 634 2417 quorumdam
654 2347 686 2395 et
700 2329 875 2410 mortibus,
894 2331 1060 2417 praemium
1080 2353 1134 2394 ex·

84 2448 245 2519 1spectare
266 2430 383 2511 debui,
401 2455 498 2519 quarn
514 2448 552 2496 ut
570 2433 706 2521 imperio
725 2432 851 2521 tyranni
872 2431 1053 2511 occiderer,
1073 2454 1134 2518 pro

83 2555 219 2621 nmagno
238 2532 408 2595 habiturus
428 2532 602 2618 beneficio,
624 2534 652 2598 si
673 2534 761 2597 solus
773 2533 846 2605 ‚hoc
866 2548 1008 2619 paterer,
1028 2553 1134 2617 neque

84 2633 191 2697 ·liberi
206 2634 269 2696 mei
285 2656 430 2720 uxorque
445 2657 510 2697 una
525 2651 738 2699 morerentur.
754 2636 830 2698 Haec
845 2648 877 2696 ct
889 2633 965 2713 alia,
980 2655 1051 2718 quae
1066 2655 1133 2694 non

83 2734 247 2823 «ignoras,
263 2734 314 2798 vel
326 2758 378 2799 me
394 2752 536 2816 tacente,
554 2737 629 2800 satis
641 2736 800 2814 indicant,
815 2759 880 2824 quo
894 2734 1003 2800 animo
1015 2748 1046 2797 et
1058 2754 1135 2821 erga

84 2833 190 2898 ·illum
205 2858 276 2899 esse
289 2834 441 2917 debeam,
458 2835 549 2915 cujus
562 2836 649 2900 hand
663 2859 739 2900 sane
751 2836 899 2902 meritam·
910 2834 1131 2898 crudelitatem

83 2934 206 3024 «lugio;
223 2952 257 3000 et
269 2937 419 3009 adversm
434 2960 509 3014 vos,
524 2938 580 3024 qui
596 2939 691 3025 paulo
707 2954 782 3002 ante
795 2939 940 3017 hostem,
953 2959 1041 3002 nunc
1055 2959 1132 3024 sup·

84 3034 219 3121 «plicem
236 3053 395 3116 vestrum,
415 3037 645 3127 benignissime
661 3039 853 3126 suscepistis.

122 3136 178 3200 xl.
192 3139 260 3200 -Ut
273 3138 370 3226 igitur
390 3140 536 3227 utrisque
553 3140 703 3228 gratiam,
722 3162 817 3232 quam
839 3138 960 3219 debeo,
979 3138 1133 3218 referam,

83 3238 258 3302 «confirmo
280 3239 355 3320 tibi,
374 3239 624 3328 haudquaquam
646 3262 747 3305 vanus
763 3255 893 3319 auctor,
914 3238 1140 3318 Mithridatem

83 3355 188 3402 -certo
206 3341 327 3403 certius
346 3340 586 3408 rebellaturum.
611 3340 674 3405 Sed
699 3356 737 3403 ut
759 3340 867 3430 potius
890 3355 1014 3418 vestro,
1034 3361 1130 3426 quam

82 3437 184 3502 -illius
213 3455 359 3527 temporo
381 3441 554 3528 incipiatur
579 3441 718 3521 bellum,
741 3442 892 3523 interest;
919 3439 1067 3502 nondum
1089 3439 1132 3501 ita

82 3555 231 3626 «paratus
247 3555 312 3621 est,
331 3541 410 3628 quin
424 3543 574 3628 occupari
588 3543 710 3631 possit:
727 3543 760 3605 in
781 3565 820 3605 eo
841 3541 1015 3605 maximum
1031 3537 1132 3602 odvia

81 3641 234 3703 «ctoriam
249 3656 450 3705 momentum
463 3665 532 3706 esse
545 3643 640 3706 nosti.
654 3644 768 3728 Neque
782 3665 842 3730 ego
852 3659 1040 3727 temporum
1054 3639 1133 3704 ami·

82 3741 183 3804 -citiis
198 3765 235 3805 ac
254 3742 408 3806 clientelis
420 3743 526 3823 valeo,
544 3758 581 3809 ut
598 3765 665 3808 non
682 3743 842 3831 insignem
858 3758 927 3804 tum
944 3741 977 3802 in
992 3740 1133 3803 consiliis
1176 3748 1180 3759 '

81 3842 244 3905 ·h0stium
259 3842 465 3932 indagandis,
484 3860 554 3908 tum
571 3845 605 3906 in
624 3842 815 3930 recipiendis
834 3841 980 3929 populis,
1001 3863 1131 3927 operam

81 3965 216 4005 -uasare
231 3944 362 4032 possim.
374 3976 387 3999 »
399 3946 474 4008 llaec
491 3968 557 4008 non
574 3961 734 4033 postrema
752 3939 922 4007 festinandi
938 3940 1011 4003 belli
1030 3940 1131 4021 ratio,

82 4065 182 4128 quum
202 4042 245 4107 ad
265 4045 405 4131 priorem
421 4045 629 4133 cupiditatem
643 4043 844 4121 accessisset,
860 4041 947 4105 baud
962 4040 1133 4108 difficulter

82 4161 185 4208 motus
205 4161 255 4208 est
273 4147 434 4229 Muraena,
452 4165 509 4228 ut,
535 4147 676 4211 exercitu
696 4159 880 4223 contracto,
899 4141 1132 4230 Cappadociam

81 4245 310 4333 ingrederetur.

122 4345 196 4410 ΧΗ.
215 4348 299 4410 Ante
319 4349 428 4412 omnia
449 4349 572 4413 reddita
592 4366 668 4414 sunt
684 4346 911 4440 Ariobarzani,
928 4310 1007 4440 quae,
1021 4344 1061 4408 ad
1082 4367 1133 4406 rc-

113 4517 129 4587 §
144 4523 187 4570 xl.
203 4522 332 4570 Memnon.
348 4551 380 4560 -
396 4524 500 4589 Appian.
517 4552 549 4561 -
563 4523 640 4572 strab.
653 4522 695 4570 lib.
708 4525 771 4581 xil,
783 4521 873 4591 p.535.
