2670 5018
239 714 294 783 IN
321 713 435 782 LOC.
459 713 551 781 LIB.
577 713 741 780 LXXIX
768 714 979 785 LIVIANI.
1089 721 1135 814 [17

92 835 219 924 «plexus
244 833 456 922 aequitatem:
477 830 586 895 multis
607 847 640 895 et
661 854 806 913 mecum,
828 847 861 896 et
881 850 955 899 ante
974 857 1026 901 me
1050 835 1135 903 idern

91 934 263 1016 «judicium
285 932 496 1021 studiumque
518 932 590 997 fuit.
611 931 675 997 Sed
696 933 754 996 ista
774 948 971 1020 repetentem
993 938 1137 1002 animum

91 1035 242 1101 «acerbus
257 1035 352 1100 dolor
364 1050 518 1123 oocupat;
532 1055 592 1098 nec
610 1032 696 1098 enim
712 1034 747 1097 C.
758 1033 868 1116 illarii,
884 1034 921 1099 P.
932 1036 1061 1125 Sulpicii
1081 1039 1140 1102 mi·

91 1136 278 1200 «secabilem
295 1158 404 1200 casum
422 1155 538 1223 queam
555 1134 624 1199 sine
638 1134 785 1221 lacrymis
800 1157 838 1197 ac
852 1135 944 1199 luctu
961 1138 1138 1204 recordari:

91 1261 251 1327 cquorum
277 1237 331 1302 hic
356 1261 375 1302 a
400 1235 527 1301 nefariis
556 1235 733 1299 latronibus
756 1234 929 1299 crudeliter
954 1236 1140 1303 interfectus

91 1356 177 1422 ‹est3
201 1340 295 1403 illum
312 1355 387 1429 post
407 1354 456 1403 tot
478 1337 681 1419 consulatus,
699 1358 825 1401 summa
843 1338 943 1426 gloria
961 1355 1087 1429 gestos,
1105 1341 1141 1404 in

92 1439 195 1528 -gravi
207 1456 240 1505 et
253 1439 392 1504 sollicito
405 1437 516 1504 exsilio
530 1437 686 1502 sterilium
703 1437 878 1502 insularum
893 1440 997 1503 tristes
1014 1440 1143 1504 latebre
1160 1527 1163 1533 Ι

92 1553 235 1627 «tegunt.
852 1618 857 1629 ⁸

132 1637 235 1701 XVII.
252 1667 265 1691 ι
275 1637 317 1701 Et
331 1637 404 1725 quis
421 1654 532 1725 postea
547 1653 756 1728 patronorum
771 1654 953 1703 vestrorum
969 1641 1141 1705 incolumi·

94 1755 209 1803 ·tatem
228 1754 351 1828 speret,
368 1739 427 1802 uhi
438 1740 474 1804 P.
485 1739 662 1828 Sulpicium
679 1761 804 1805 summa
821 1741 987 1822 nobilitas,
1002 1757 1035 1806 et
1052 1742 1143 1833 inge·
1205 1748 1211 1765 ”
1302 1778 1308 1785 -

92 1841 222 1921 «nium,
240 1856 272 1904 et
291 1840 458 1904 tribunitia
478 1855 633 1929 potestas5
655 1842 690 1904 C.
701 1840 839 1904 Marium
860 1839 1061 1929 multiplicati
1083 1842 1143 1907 ho·

92 1964 222 2022 ‹nores,
238 1940 439 2031 amplissimae
454 1963 504 2005 res
518 1956 630 2030 gestte,
644 1940 860 2029 triumphatus
871 1942 1045 2031 Iugurtha,
1058 1943 1142 2008 Urbs

91 2058 144 2106 «et
158 2042 249 2107 Italia
268 2040 356 2106 haud
372 2040 471 2105 dubie
487 2058 671 2106 conservata
688 2063 755 2106 non
774 2040 1009 2107 defenderunt?
1019 2046 1079 2109 Est
1096 2061 1144 2109 ta·

91 2166 185 2207 «men
202 2141 419 2231 quorumdam
439 2143 552 2207 animis
574 2142 643 2207 haec
665 2143 773 2206 innata
790 2144 1002 2233 generositas,
1022 2160 1060 2209 ut
1073 2143 1145 2210 offi-

91 2244 199 2309 ·cium
210 2261 410 2333 anteponant
421 2244 600 2324 securitati3
614 2259 647 2308 et
656 2243 762 2307 vivere
775 2266 850 2309 cum
862 2243 1034 2330 dedecore,
1046 2270 1143 2335 quam

92 2344 218 2432 ·perire
230 2367 290 2432 per
300 2344 470 2426 rimutem,
488 2344 631 2408 acerbius
644 2360 771 2432 putent.
787 2345 836 2409 dn
849 2345 934 2410 inter
948 2346 1009 2412 hos
1022 2371 1082 2438 ego
1097 2349 1144 2412 lo·

92 2466 188 2508 -cum
206 2467 244 2509 ac
260 2466 380 2509 nomen
398 2467 538 2526 merear,
561 2445 583 2509 ii
603 2445 760 2528 viderint,
778 2468 918 2533 quorum
935 2470 1062 2513 causam
1078 2466 1143 2514 tam

92 2544 246 2610 «invisam
260 2544 367 2629 domi,
383 2569 650 2635 summorumque
662 2547 833 2612 hominum
846 2565 952 2613 morte
965 2565 1020 2613 aut
1033 2551 1143 2615 exsilio

93 2647 306 2729 «terribilem,
322 2670 527 2736 nequaquam
541 2648 653 2713 timide
664 2663 720 2712 aut
732 2664 920 2714 cunctanter
934 2651 1145 2739 suscepimus.

131 2747 254 2812 XVIII.
273 2778 286 2803 «
297 2746 361 2812 Sed
375 2771 480 2836 neque
493 2749 589 2813 armis
603 2747 856 2814 adversariorum
870 2750 978 2839 petiti,
996 2751 1061 2815 nisi
1076 2769 1148 2817 ten·

92 2862 172 2912 «tata
190 2848 307 2912 ultima
322 2869 396 2936 spe,
415 2851 603 2938 reliquimus
614 2851 756 2934 Urbem3
774 2867 806 2916 et
820 2868 931 2941 postea
945 2853 1082 2918 minime
1096 2853 1149 2918 de-

92 2948 303 3037 ·spondimus
322 2950 485 3030 animum,
504 2949 538 3012 in
559 2949 690 3040 negotio
708 2950 808 3015 semel
825 2951 961 3040 probato
978 2967 1147 3039 suscepto·

93 3072 195 3137 «que,
206 3051 257 3114 vel
269 3049 310 3114 ad
322 3066 502 3116 extremum
514 3051 664 3138 spiritum
675 3051 916 3140 perseveraturi.
932 3052 974 3115 Et
987 3051 1150 3117 dederunt

93 3149 174 3232 «dii,
194 3167 232 3215 nt
246 3152 416 3241 praemium
433 3151 511 3217 huic
526 3168 609 3216 esset
624 3153 831 3234 constantiae,
850 3169 1056 3241 coeptumque
1070 3175 1150 3241 pro·

95 3252 228 3316 «batum
254 3252 462 3334 numinibus,
485 3252 627 3318 secunda
648 3253 754 3317 statim
779 3253 909 3316 fortuna
936 3269 1144 3341 sequeretur:

96 3375 190 3417 snam
204 3354 261 3442 qui
274 3352 361 3442 apud
373 3357 515 3443 Capuam
531 3370 598 3419 erat
614 3353 807 3418 fortissimus
824 3353 996 3430 exercitus,
1012 3353 1151 3417 tribunis

97 3454 337 3543 ·praefectisque
358 3470 390 3519 et
410 3455 536 3544 optimo
555 3476 687 3543 quoque
706 3454 955 3543 manipularium
972 3453 1013 3518 ad
1028 3454 1150 3518 bonam

97 3577 244 3619 «musam
258 3555 346 3619 ultro
360 3555 605 3636 accedentibus,
624 3571 823 3620 sacramento
839 3556 919 3620 mihi
939 3571 1069 3644 rogatus
1084 3569 1149 3635 est;

92 3672 149 3720 «et
159 3655 365 3737 PraenestIni,
378 3655 545 3739 Tiburtes,
567 3657 669 3721 caeteri
688 3654 833 3743 plerique
848 3653 979 3743 populi,
994 3655 1049 3741 qui
1066 3653 1151 3718 inter

95 3759 258 3846 -Gapuam
281 3773 313 3821 et
327 3756 449 3821 Urbem
471 3758 628 3838 interjecti
650 3772 743 3837 sunt,
762 3755 870 3818 omnia
889 3753 1041 3842 polliciti,
1062 3753 1151 3818 baud

97 3857 350 3946 ·aspernandam
368 3858 512 3946 pecuniae
526 3879 687 3922 summam
703 3853 921 3920 contulerunt.

138 3958 227 4022 XIX.
244 3957 347 4022 «Aliis
370 3958 465 4021 etiam
486 3958 604 4047 passim
627 3955 856 4020 inclinantibus
880 3954 921 4019 ad
942 3977 1151 4019 communem

96 4079 264 4139 «eausam,
279 4080 331 4121 eas
345 4057 534 4147 propediem
547 4059 654 4146 copias
668 4057 813 4138 habebo,
831 4054 981 4120 adversus
996 4072 1075 4141 quas
1091 4055 1153 4117 ini·

94 4159 189 4223 ·mici
212 4174 380 4246 nequeant
402 4159 598 4224 consistere:
616 4181 692 4223 nam
713 4175 750 4223 ut
772 4158 896 4246 impetu
917 4155 1035 4243 magis,
1055 4178 1151 4243 quam

95 4259 269 4338 .consilio,
285 4257 364 4321 ferri
384 4258 573 4348 improbitas
594 4260 693 4342 solet,
716 4258 826 4322 omnia
842 4258 877 4320 in
893 4278 932 4320 eo
950 4277 1019 4321 csse
1035 4256 1112 4338 rati,
1129 4256 1155 4320 si
1211 4250 1214 4255 ’

94 4379 164 4425 «res
183 4358 326 4422 urbanas
341 4380 400 4445 per
418 4358 485 4423 rim
501 4359 544 4424 ad
564 4383 622 4424 sua
642 4357 816 4425 commoda
832 4371 1081 4445 componerent,
1099 4355 1156 4420 ad·
1264 4421 1267 4426 ,

95 4480 223 4525 uersus
235 4482 289 4541 ea,
300 4482 372 4547 quae
380 4476 514 4547 possent
522 4461 655 4526 aliunde
668 4458 832 4540 accidere,
841 4458 1158 4553 nibilprovidernnt.
