2670 5018
75 9 1331 353 —

191 748 1253 774 Mssswmwmfflmmssfflmmfflfflwssmmmmmmmm

331 957 618 1047 JOANNIS
657 957 1115 1045 FREINSHEMII

241 1203 1205 1342 SUPPLEMENTORUM

410 1493 1024 1620 LIVIANORUM

532 1771 710 1849 LIBER
743 1774 908 1851 XLVII

335 2003 378 2056 IN
407 1990 558 2057 LOCUM
583 2001 705 2055 LIBRI
732 2000 893 2057 LXXXII
920 2003 1105 2059 LIVIANI.

523 2233 912 2267 --.ῃ-οὓς»...-

599 2427 840 2501 ΕΡΙΤΟΜΕ

372 2595 502 2652 mear
533 2592 831 2649 OCTOGESIMI
858 2588 1073 2651 securint.

191 2752 262 2810 Salia
274 2756 363 2827 copias
374 2755 459 2823 regis,
474 2770 550 2822 qua,
564 2747 721 2802 Macedonia
734 2763 879 2822 occupata,
893 2751 922 2804 in
931 2752 1094 2805 Thessaliam
1107 2767 1246 2817 venerant,

227 2839 317 2910 praeiio
332 2838 413 2898 vicit,
433 2836 505 2887 cresis
523 2833 639 2885 hostium
659 2846 764 2886 centum
783 2834 914 2899 millibus,
935 2849 961 2889 et
978 2837 1068 2890 castris
1083 2857 1190 2910 quoque
1209 2857 1249 2891 ex-

227 2925 358 2995 pugnatis.
382 2925 515 2972 Renovato
536 2916 632 2971 deinde
655 2917 740 2982 bello,
763 2919 859 2971 iterum
882 2920 1022 2973 exercitum
1040 2921 1109 2992 regis
1131 2921 1199 2974 rudit
1217 2941 1248 2975 cc

225 3006 330 3058 delevit.
344 3005 488 3057 Archelaus
500 3021 560 3055 cum
572 2999 654 3054 classe
665 3000 736 3072 regia
746 3001 824 3055 sullae
839 3021 865 3054 se
880 3001 997 3054 tradidit.
1008 3003 1164 3056 L.Valeriuc
1174 3004 1248 3056 Flac-

226 3110 272 3143 cus
287 3091 396 3152 conml,
413 3088 515 3157 collega
524 3087 631 3149 Cinnae,
642 3085 751 3149 miscus,
764 3099 792 3136 ut
804 3083 882 3138 sulla
893 3085 1056 3149 succederet,
1067 3099 1173 3158 propter
1186 3106 1248 3140 ava-

226 3175 313 3226 ritiam
327 3173 426 3225 invisus
445 3170 571 3222 exercitui
584 3152 647 3231 ctio,
665 3187 680 3220 a
696 3170 727 3221 C.
747 3168 862 3220 Fimbria
881 3169 965 3240 iegato
983 3167 1079 3239 ipsius,
1092 3168 1189 3222 ultimae
1202 3188 1248 3221 au-

226 3255 307 3307 daciae
326 3254 448 3314 homine,
468 3252 569 3304 occisus
588 3263 644 3313 est;
667 3262 692 3302 et
714 3251 853 3322 imperium
872 3251 904 3303 ad
921 3253 1062 3304 Fimbriam
1083 3254 1247 3306 translatum.

226 3341 351 3391 Praeterea
364 3349 518 3409 expugnatae
531 3336 558 3387 in
569 3335 630 3388 Auia
647 3336 726 3387 urbes
743 3354 758 3386 a
772 3334 939 3400 Mithridate,
958 3348 984 3388 et
995 3335 1135 3389 crudeliter
1148 3335 1248 3409 direpta

222 3423 372 3494 provincia,
385 3421 602 3490 incursionerquc
611 3420 744 3471 Thracum
756 3419 784 3470 in
797 3419 981 3474 Macedoniam
992 3458 999 3484 ,
1012 3421 1172 3473 reseruntur.

190 3631 216 3692 1.
237 3598 484 3695 Exarmare
510 3627 545 3688 L.
561 3624 673 3705 Sullae,
696 3625 969 3710 quemadmodum
997 3628 1077 3690 nihil
1098 3643 1164 3690 tam
1189 3628 1248 3689 ob·

191 3731 323 3792 noxium
337 3729 509 3791 hominum
522 3725 649 3805 judiciis
661 3741 727 3806 est,
742 3749 838 3812 quam
853 3728 1084 3815 imperatorum
1097 3729 1247 3805 consilia,

189 3855 208 3894 a
223 3831 384 3919 plerisque
397 3825 710 3915 reprehendebatur,
724 3827 832 3914 quod,
847 3830 958 3892 relicto
973 3831 1070 3892 attico
1084 3853 1177 3918 agre,
1190 3831 1247 3892 uhi

190 3946 321 4017 propter
341 3929 542 4014 asperitatem
562 3928 707 3991 locorum
724 3929 818 4017 pauci
839 3931 984 4017 pluribus
1006 3931 1152 3993 resistere
1170 3954 1246 4018 pos·

189 4048 277 4110 sent,
295 4030 421 4094 Boeotiae
443 4052 571 4117 campos
588 4045 620 4091 et
638 4045 780 4117 apertam
798 4030 980 4118 planitiem,
1005 4054 1143 4095 numero
1166 4056 1246 4120 prae·

189 4132 299 4240 septim
324 4131 470 4217 equitum
495 4145 584 4192 tanto
609 4130 743 4193 inferior
767 4132 950 4219 optavisset.
975 4134 1134 4197 Caeterum
1160 4135 1245 4197 Sulla

189 4250 303 4320 praeter
328 4233 457 4295 insitam
482 4230 646 4294 audaciam
673 4248 782 4295 motus
808 4233 910 4295 causis
934 4234 1068 4297 minime
1095 4235 1245 4298 inanibus

189 4334 376 4411 videbatur,
396 4332 486 4419 quod
501 4347 625 4394 retenta
641 4331 816 4420 Munychia
835 4332 1026 4397 Archelaum
1044 4335 1107 4398 hoc
1127 4336 1244 4398 intelli-

190 4436 283 4525 gebat
300 4459 408 4524 agere,
427 4450 464 4496 ut
481 4429 631 4495 ducendo
648 4431 733 4495 hello
749 4434 912 4497 Romanor
931 4435 964 4496 in
983 4437 1115 4524 regione
1131 4438 1244 4517 sterili,
