2670 5018
4 91 40 149 tsi
68 43 191 165 irtlelix,
215 110 311 172 opera
337 89 458 162 fuerat,
482 108 588 171 regem
613 33 787 171 (lepusculis

1 210 113 278 upotcs
128 193 215 265 lauti,
232 191 336 250 statim
350 213 434 249 urum
450 189 672 273 deposuerant.
688 190 772 272 llrgo

1 296 77 353 uuio
99 310 128 351 ct
150 292 259 377 puritia
278 313 383 351 rcrtuu
400 290 563 373 suspicax,
583 288 635 348 lilii
654 289 786 373 prolecta

2 397 119 456 lioncm
143 416 211 454 eam
236 405 370 477 eruptum
390 390 578 467 arbitratus,
605 411 671 473 quo
696 389 755 450 sibi
776 411 787 447 ι

0 516 82 556 ιιιιιι
106 504 328 578 extorqueret,
348 488 388 552 ad
408 511 442 552 se
465 490 600 552 comiter
620 505 769 551 vocatum

5 592 50 656 eis
68 591 189 671 vinxit,
209 606 241 654 et
256 590 353 677 paulo
367 605 441 677 post
454 588 632 669 interl'ecit;
652 588 785 653 minime

21 714 112 756 arum
130 691 288 755 mentium
306 688 532 770 fluctuatione,
553 706 590 753 ut
611 711 698 753 nunc
713 691 788 754 liber

7 811 89 858 rant
103 816 217 881 regna,
235 814 322 853 nunc
338 813 512 880 regnorum
528 813 622 854 eausa
634 790 784 855 occidant

1 897 75 959 lll.
94 897 130 958 In
149 895 351 979 Bosporanus
366 890 482 953 deinde
495 889 576 954 adeo
592 913 740 978 magnam
761 914 789 955 c<

1 1018 98 1082 mque
115 993 243 1080 collegit
259 990 518 1070 multitudinem,
536 1007 573 1053 ut
589 993 733 1079 plerique
753 1014 789 1055 co

1 1120 2 1128 ¹
23 1093 121 1182 magis
142 1091 333 1153 haecomnia
356 1106 463 1177 parata
479 1091 784 1178 interpretarentur,

12 1194 138 1257 volebat
154 1194 324 1255 invasurus
339 1190 450 1254 videri.
472 1192 676 1280 Suspiciones
696 1193 790 1258 horur

29 1316 157 1357 movere
169 1292 376 1373 credebatur,
392 1291 480 1380 quod
491 1293 693 1358 Mithridates
704 1295 790 1359 Ariol

6 1397 109 1460 eciam
130 1395 174 1456 itu
192 1393 389 1474 restituerat,
408 1411 445 1457 ut
463 1410 570 1458 tarueu
588 1397 656 1458 loca
671 1397 791 1482 aliquot

25 1504 158 1583 'quoque
174 1496 335 1558 retineret.
349 1497 385 1559 ln
398 1496 458 1559 huc
470 1496 659 1585 aegritudine
675 1498 791 1561 animos

4 1597 179 1660 llluraenam
196 1595 368 1659 Archelaus
389 1618 464 1659 cum
488 1620 589 1660 uxore
610 1613 642 1660 et
658 1597 792 1685 liberis]

1 1721 22 1762 o
42 1716 195 1786 magnum
213 1696 374 1760 adomnia
390 1714 592 1761 momentum
612 1699 736 1781 attulit,
752 1716 790 1763 ut

35 1795 274 1884 suscipiendum
285 1814 372 1862 esset
382 1798 523 1879 bellum,
538 1798 710 1863 dubitaret.
728 1801 792 1864 lna

8 1898 78 1979 dia,
97 1898 162 1978 jam
180 1920 199 1960 a
216 1913 360 1987 tempore
381 1899 596 1962 cherronensis
617 1922 733 1988 pugnae
756 1900 792 1963 fu

0 1999 160 2081 ndimus3
179 2021 284 2087 neque
305 1998 400 2063 eximi
416 2000 484 2088 regi
504 2016 648 2087 poterat,
665 2000 793 2086 aequiori

0 2101 83 2164 ihus
99 2100 230 2189 transigi
244 2101 403 2188 potuisse,
421 2102 447 2164 si
459 2102 558 2189 magis
571 2100 612 2164 ad
627 2124 718 2165 suam
730 2118 793 2191 grat

1 2224 175 2282 ,manam,
191 2200 366 2265 Archelaus
384 2202 580 2290 respexisset.

0 2310 15 2360 t·
33 2349 41 2366 .
56 2302 158 2390 {gitur
169 2299 222 2363 ille
238 2321 304 2363 nou
317 2301 466 2389 ignarus,
483 2303 678 2389 suspicacem
693 2302 794 2390 regist

20 2403 42 2430 ⁸.
70 2400 174 2429 ΜΗ...
206 2422 306 2427 ....-,
369 2402 383 2426 Ι·
493 2403 501 2424 1
530 2418 535 2423 .
639 2402 647 2422 1
