2670 5018
80 21 1325 401 -

178 784 247 854 286
350 787 419 850 to.
447 779 783 848 FREINSIIEMII
813 778 1057 847 SUPPLEM.

176 931 231 996 gre
247 902 469 969 Nicomediam
484 914 682 987 perrexerat,
696 899 807 963 eastris
820 897 861 962 ad
874 899 1063 963 vicesimum
1079 901 1146 964 fere
1158 901 1235 990 lapi·

175 1008 249 1070 dem
265 1006 304 1068 ah
319 1001 439 1090 Oppido
452 999 678 1080 communitis,
690 1022 732 1063 ne
741 1021 886 1089 pugnare
896 1017 1010 1064 contra
1022 1001 1233 1067 commodum

176 1122 354 1194 cogeretur.
367 1102 489 1165 Eodem
504 1102 686 1165 et'Iriarius
698 1124 764 1165 non
777 1101 929 1165 inritatus
941 1103 1099 1185 occurrit3
1113 1120 1146 1168 et
1157 1106 1233 1192 quia

178 1234 233 1272 rex
251 1209 333 1268 intra
356 1204 471 1266 moenia
495 1225 572 1266 suos
594 1201 781 1284 reduxerat,
798 1202 838 1266 ab
855 1218 997 1290 utroque
1011 1204 1233 1272 Romanorum

176 1310 318 1372 exercitu
342 1307 437 1392 coepit
456 1303 605 1369 obsideri.
621 1301 721 1386 Quod
740 1305 869 1368 interim
887 1303 1093 1369 mediocriter
1108 1307 1234 1389 ferens,

177 1426 347 1497 postquam
369 1408 496 1496 gemina
521 1405 624 1469 navali
643 1428 753 1495 pugna
777 1406 909 1470 classem
931 1407 1080 1471 amissam
1104 1407 1235 1492 didicit,

176 1512 311 1574 Lucullo
338 1525 575 1595 superventuro
597 1529 631 1570 se
653 1523 742 1571 ratus
763 1509 938 1597 imparem,
961 1508 1102 1573 Pontum
1125 1526 1237 1598 petere

176 1612 329 1676 classibus
347 1610 498 1672 decrevit.
520 1610 558 1672 In
581 1609 646 1672 hoc
665 1609 779 1673 itinere
799 1607 909 1675 denuo
929 1625 993 1672 tam
1013 1609 1096 1674 toda
1112 1627 1236 1700 tempe·

177 1732 257 1777 state
275 1711 478 1775 conflictatus
498 1726 562 1791 est,
582 1725 619 1773 ut
635 1710 753 1773 navalis
771 1709 871 1798 praelii
891 1711 992 1774 instar
1006 1727 1106 1793 esset,
1127 1710 1236 1800 dupli·

178 1819 272 1902 cique
286 1816 346 1877 hac
362 1814 452 1876 clade
467 1812 670 1877 Mithridates
684 1813 773 1901 prius
785 1811 828 1876 ad
841 1813 987 1893 Parium,
1001 1829 1034 1876 et
1047 1836 1137 1878 nune
1148 1813 1237 1879 haud

177 1918 290 2005 procul
312 1918 483 1998 Heraclea,
506 1913 546 1978 ad
570 1913 681 1977 decem
705 1914 876 1977 hominum
899 1914 1013 1994 millia,
1032 1931 1066 1978 et
1086 1931 1237 1980 rostratas

178 2018 356 2105 sexaginta,
375 2015 486 2079 Ilorem
506 2015 664 2079 exercitus
681 2016 731 2079 sui
748 2015 921 2102 classisque
936 2014 1136 2103 deperderet.

223 2121 341 2181 XXVI.
357 2119 436 2180 Eam
450 2117 662 2181 calamitatem
677 2114 811 2181 adirem
826 2118 990 2204 Priapenae
1004 2117 1114 2181 Dianae
1129 2141 1239 2207 super·

178 2221 293 2283 stitiosi
314 2219 463 2281 homines
487 2219 685 2298 retulemnt,
704 2219 796 2298 cujus
819 2218 946 2306 aregiis
966 2218 1136 2306 spoliatum
1156 2236 1237 2284 tem·

179 2325 286 2408 plum,
304 2323 540 2406 alueptumque
549 2320 755 2383 simulacrum
768 2320 882 2383 fuerat.
893 2319 1017 2383 Amissa
1027 2342 1141 2409 magna
1150 2336 1239 2408 parte

180 2425 304 2503 classis,
331 2447 404 2485 cum
422 2423 585 2508 plerisque
602 2421 733 2507 reliquis
753 2420 888 2483 navibus
905 2420 937 2482 in
957 2421 1076 2483 ostium
1097 2419 1239 2484 fluminis

181 2526 295 2611 IIypii,
314 2523 403 2607 quod
419 2521 507 2583 haud
523 2522 637 2606 procul
655 2522 805 2584 Heraclea
817 2522 926 2602 abest,
943 2544 999 2585 rex
1014 2545 1048 2585 se
1064 2524 1194 2610 recepit
1208 2525 1240 2587 Is

180 2644 248 2686 tum
274 2640 373 2685 status
398 2622 556 2684 Heracleae
576 2637 661 2703 erat,
680 2638 719 2684 ut
738 2623 838 2709 magis
860 2624 961 2686 aliena
980 2646 999 2686 a
1021 2625 1175 2688 Romanis
1197 2625 1240 2688 ob

180 2725 322 2786 sublatos
344 2722 550 2807 publicanos,
569 2743 665 2807 quarn
683 2723 716 2785 in
733 2738 890 2809 potestate
906 2724 989 2813 regis
1005 2741 1098 2789 esset.
1118 2726 1240 2815 Igitur,

181 2822 259 2883 dum
275 2821 453 2882 necessario
467 2821 638 2883 stationem
651 2822 685 2885 in
698 2821 846 2904 flumine,
861 2824 1009 2890 nondum
1021 2824 1132 2890 sedato
1145 2826 1240 2907 mari,

182 2925 295 2997 hahet,
314 2922 448 2983 sollicite
462 2921 635 3007 inquisito,
649 2924 846 2987 Lamachum
862 2925 896 2987 in
913 2948 1042 2990 summo
1056 2927 1242 3016 magistratu

182 3050 274 3114 agere
292 3024 469 3111 comperit;
492 3047 558 3111 quo
581 3026 698 3089 nuntio
716 3042 863 3107 erectus,
879 3026 969 3114 quod
988 3028 1086 3091 veteri
1104 3029 1242 3093 amicitia

181 3127 331 3215 cognitus
361 3126 402 3186 illi
432 3125 609 3190 Lamachus
637 3141 724 3209 erat,
752 3127 857 3191 missis
883 3127 1010 3193 idoneis
1034 3130 1241 3212 hominibus,

183 3232 285 3292 multa
310 3227 475 3314 largiendo
497 3227 745 3316 pollicendoque
761 3230 911 3316 perfecit,
936 3246 974 3294 ut
997 3253 1128 3319 operam
1150 3254 1240 3296 suam

185 3332 359 3394 Laruachus
377 3329 557 3411 addiceret,
577 3353 643 3416 quo
661 3352 718 3393 rex
736 3331 769 3393 in
787 3331 903 3395 urbem
919 3332 1127 3419 reciperetur.

227 3434 362 3495 XXVII.
388 3433 478 3494 Dicta
502 3430 573 3511 die,
593 3432 726 3495 solenne
746 3430 936 3496 sacrificium
953 3433 1132 3497 Lamachus
1151 3432 1242 3498 iusti-

186 3536 245 3596 tuit
264 3551 349 3596 extra
367 3534 500 3612 urbem,
523 3550 637 3596 vocato
653 3534 795 3621 populo,
812 3557 854 3598 ne
870 3552 970 3623 portae
986 3552 1144 3601 consueto
1165 3551 1243 3600 tem·

185 3659 262 3722 porc
281 3634 508 3696 clauderentur
527 3657 534 3697 :
552 3634 592 3697 ad
608 3657 715 3723 regern
741 3636 862 3699 interea
879 3660 1036 3725 myoparo
1051 3639 1176 3702 Seleuci
1192 3660 1243 3702 ar·

184 3738 344 3821 chipiratae
368 3738 523 3817 mittitur,
543 3759 640 3823 quem
663 3737 913 3817 conscenderet,
934 3739 1009 3825 quia
1026 3740 1114 3803 navis
1128 3760 1243 3803 oneru-

185 3838 249 3914 ria,
269 3860 329 3921 qna
345 3853 412 3897 crat
428 3853 555 3917 vectus,
570 3838 614 3900 ob
630 3837 814 3901 violentiam
831 3856 1058 3926 tempestatum
1075 3840 1164 3905 utilis
1176 3861 1245 3904 osse

186 3937 332 3998 desierat.
348 3939 610 4002 Ilehortabantur
620 3940 837 4026 maximopere
846 3940 938 4003 amici
949 3989 957 4022 ,
968 3963 1009 4003 ne
1018 3963 1136 4029 corpus
1148 3963 1244 4006 suum

187 4039 373 4099 homiuibus
387 4041 556 4126 incognitae
569 4038 641 4103 fidei
655 4040 819 4105 crederet:
835 4064 974 4129 quorum
987 4043 1039 4105 ille
1052 4059 1177 4107 metum
1192 4042 1245 4107 tali
1274 4110 1276 4115 ,

186 4161 335 4199 sermone
348 4139 528 4224 castigavit:
543 4141 635 4227 «Ego
648 4163 724 4204 vero
737 4139 834 4204 fidem
849 4158 1003 4224 vestram,
1019 4164 1244 4230 amoremque,

186 4239 318 4301 «multis
334 4255 365 4300 et
382 4242 504 4325 magnis
519 4240 724 4305 documentis
741 4259 867 4329 experta
883 4244 978 4324 novi,
995 4260 1028 4307 et
1041 4244 1185 4326 aestimo,
1200 4243 1245 4306 ni·

220 4452 235 4514 §
254 4454 346 4497 XXVI.
368 4451 418 4496 Iis.
440 4452 504 4513 Epir.
523 4478 557 4486 -
578 4453 685 4516 Appiau.
705 4481 739 4490 -
756 4454 819 4502 rtur.
836 4483 869 4492 -
887 4455 983 4504 Sallust.
998 4456 1062 4504 Ilist.
1076 4458 1120 4515 lv,
1135 4457 1162 4504 in
1175 4456 1244 4519 epist.

187 4536 298 4582 Mittunt.
314 4564 340 4570 —
363 4534 425 4580 utor.
437 4536 486 4591 III,
501 4535 524 4582 5.
