2670 5018
377 19 597 73 antenoscite,
615 15 715 81 signis
730 16 769 55 co
793 1 852 55 atis
889 1 911 54 ir

296 117 359 183 gna
375 94 460 156 caeile
474 94 635 173 hostium,
653 92 736 156 duce
750 95 845 157 etiam
860 118 915 181 op}

296 211 495 284 aperuerunt
519 196 581 257 iter
598 219 605 259 :
625 196 855 283 profectusque
874 200 919 284 Ag

297 320 372 359 cunt
392 297 547 359 omnibus
565 299 665 386 copiis
682 298 722 361 ad
739 301 895 361 Gesarem
912 322 921 386 l

298 398 339 461 ab
360 396 476 461 AEduis
494 398 738 487 Vercingetorix
761 399 801 462 ad
824 422 923 462 comn

297 514 365 581 rat,
383 514 416 561 et
433 498 510 585 quia
527 498 711 563 desummo
727 501 854 588 imperii
872 524 925 564 cot

300 616 408 681 mota,
435 601 537 665 totius
560 601 670 665 Galliae
692 602 867 665 concilium
891 602 929 665 ui.

300 724 463 766 consensu
496 703 645 767 omniunt
671 703 914 793 Vercingetorix

301 804 448 891 equitum
469 804 567 867 millia
590 803 777 891 quindecim
801 805 934 868 contrah

301 905 630 993 pabulationibusque
647 908 812 969 llomanos
828 927 936 969 arcere

344 1006 403 1071 ΙΙΙ.
423 1008 461 1070 ln
485 1007 695 1095 Allobrogas,
713 1007 857 1094 itemque
878 1006 939 1069 alte

301 1108 445 1193 aliosque
463 1109 597 1171 Caesaris
618 1107 740 1188 socios,
757 1108 865 1195 copias
882 1108 941 1171 mit

300 1210 416 1273 l'erant.
434 1210 554 1288 Cassan,
572 1210 755 1273 interclusis
769 1209 943 1274 omnibusi

302 1308 490 1389 itineribus,
509 1308 663 1373 adversus
682 1310 831 1397 gallicum
846 1311 948 1397 equita

301 1432 377 1493 runt
404 1425 490 1475 trans
512 1411 664 1474 Rhenum
691 1411 868 1474 colentium
892 1434 950 1474 evo

301 1535 381 1601 quas
396 1512 563 1601 superiore
578 1534 666 1575 antro
682 1528 858 1600 pacaverat.
879 1513 920 1577 lli
935 1536 953 1576 u

301 1614 364 1679 bus
381 1638 446 1679 una
463 1614 600 1705 praeliari
620 1614 722 1677 solitis
737 1614 918 1691 affuerunt,
937 1638 953 1703 q

302 1738 382 1781 neos
396 1715 578 1796 habebant,
595 1718 700 1779 Caesar
717 1714 755 1777 iis
771 1732 919 1803 sumptos
935 1738 953 1781 a

279 1879 284 1887 .
301 1817 455 1905 tibusque
471 1816 613 1881 romanis
627 1815 812 1881 distribuit:
825 1833 858 1881 et
871 1840 938 1904 quo
950 1840 953 1904 l

301 1922 385 1983 ferre
411 1934 538 2006 posset,
562 1919 595 1981 in
620 1918 787 2005 Sequanos
812 1941 870 2005 per
891 1934 953 1982 extt

301 2018 525 2106 proficiscitur.
545 2020 619 2081 llaec
636 2019 742 2108 agenti
764 2019 950 2107 supervenit

301 2119 544 2209 Vercingetorix
557 2144 567 2200 3
582 2135 615 2183 et
637 2142 740 2205 quum
758 2120 863 2184 tribus
885 2120 953 2183 locis

300 2236 409 2285 cattini
426 2220 483 2284 diu
498 2221 630 2301 luisset,
647 2220 778 2285 tandem
796 2222 953 2286 virtuteG

299 2342 368 2396 san
385 2323 561 2385 multisono
585 2323 725 2372 luseum
834 2324 848 2346 ³
898 2324 905 2337 '
