2670 5018
173 715 237 781 JO.
258 711 434 780 FREINS.
456 711 577 779 SUPP.
600 712 649 779 IN
671 713 772 780 LOC.
793 714 877 779 LIB.
898 713 1091 781 LXXXIII.
1126 737 1186 782 rar

130 832 248 895 minem
260 853 337 894 cum
350 830 475 919 ingenti
484 830 624 893 exercitu
632 831 814 919 Bithyniam
828 833 911 897 tueri
920 833 1070 915 jusserat,
1083 835 1192 898 Taxile

131 949 161 996 et
178 933 387 1021 Diophanto,
404 949 436 996 et
454 932 645 1014 Menandro,
657 934 748 998 claris
766 934 852 997 bello
869 933 1007 998 ducibus
1023 935 1191 1015 adjunctis.

132 1034 178 1096 ab
200 1033 252 1097 his
268 1035 413 1121 primum
432 1056 612 1123 repressus,
628 1056 688 1097 nec
712 1035 781 1098 sine
805 1035 1018 1115 detrimento,
1035 1039 1191 1111 Fimbria,

133 1156 207 1198 mox
218 1135 342 1222 aliquot
353 1135 470 1223 praeliis
483 1136 646 1223 superior,
660 1158 710 1199 res
721 1137 804 1225 regis
820 1159 921 1224 prope
935 1136 1191 1225 desperationem

135 1236 278 1299 ultimam
294 1235 448 1318 adduxit,
466 1260 534 1300 non
556 1237 664 1299 animo
682 1253 809 1300 tantum
824 1236 977 1300 adversus
991 1238 1125 1301 fortuita
1140 1234 1196 1301 ca?

135 1362 245 1419 suurn,
262 1338 318 1403 sed
335 1340 432 1403 etiam
448 1339 583 1402 consilio
603 1338 721 1401 bonus.

161 1427 218 1505 II.
244 1439 342 1522 Quod
356 1443 444 1504 enim
458 1463 596 1504 numero
616 1441 755 1503 militurn
770 1439 865 1528 longe
879 1450 951 1503 erat
962 1441 1105 1520 inferior,
1123 1458 1195 1503 astu

136 1566 200 1607 rem
215 1543 401 1606 inclinatam
415 1543 569 1624 restituit;
582 1541 752 1629 ductisque
769 1540 809 1605 ad
821 1542 917 1605 latera
929 1558 1108 1605 castrorum
1121 1542 1194 1605 bra·

136 1645 230 1726 chiis,
245 1647 329 1708 i'ossa
346 1645 381 1707 in
399 1645 505 1708 itonte
517 1645 615 1725 iacta,
625 1645 773 1731 quietum
786 1644 819 1705 in
829 1643 1194 1723 vall01militemtenuit3

136 1747 370 1837 donecregiunr
383 1749 564 1835 equitatum
573 1764 693 1811 temere
701 1748 734 1808 in
742 1747 904 1834 angustias
912 1747 1194 1810 munimentorum

137 1848 314 1937 ingressum
333 1848 507 1937 improvisa
524 1848 695 1936 eruptione
711 1849 756 1912 sic
773 1848 912 1935 excepit,
927 1864 964 1911 ut
980 1871 1033 1911 sex
1049 1849 1194 1912 hostiurn

138 1949 231 2012 millia
252 1948 523 2014 desiderarentur.
545 1951 667 2014 lterum
684 1949 725 2013 ad
743 1950 974 2036 Miletopolim,
987 1951 1077 2029 juxta
1096 1974 1193 2037 quarn

137 2048 330 2136 Rhyndacus
349 2047 465 2114 fluvius
481 2051 595 2130 oritur,
612 2049 665 2112 tali
680 2050 753 2113 loco
770 2066 871 2112 castra
888 2066 1045 2131 metatus,
1061 2067 1097 2113 ut
1111 2052 1195 2114 inter

137 2150 238 2237 ipsum
258 2167 292 2213 et
308 2151 415 2239 regios
437 2149 558 2214 flumen
579 2152 766 2230 interesset,
786 2173 890 2238 quum
914 2152 997 2214 forte
1016 2153 1098 2215 circa
1119 2153 1195 2215 solis

138 2268 242 2315 ortum
255 2252 371 2339 ingens
381 2252 489 2340 pluria
501 2253 680 2316 securiores
694 2252 804 2315 hostes
818 2252 954 2332 fecisset,
967 2252 1083 2337 raptim
1098 2268 1197 2314 trans·

139 2352 234 2417 ducto
250 2353 411 2434 exercitu,
433 2353 558 2440 sopitos
573 2353 744 2441 plerosque
764 2368 797 2414 et
820 2353 960 2415 inermes
979 2350 1130 2431 adortus,
1146 2352 1197 2413 in-

139 2469 263 2541 gentem
278 2469 416 2540 stragem
430 2452 546 2534 edidit,
556 2455 650 2543 plena
667 2470 699 2516 et
714 2453 829 2517 illustri
842 2450 972 2515 victoria
985 2453 1117 2540 potitus.
1136 2454 1196 2516 Mi·

139 2553 289 2618 thridates
299 2576 373 2617 cum
387 2553 555 2643 praecipuis
565 2552 701 2634 ducum,
712 2570 745 2617 et
754 2553 910 2618 mediocri
920 2554 1068 2642 equitum
1080 2577 1197 2635 manu,

139 2657 213 2720 citra
225 2678 293 2720 non
306 2678 404 2719 ausus
418 2656 606 2738 consistere,
624 2671 776 2719 contenta
791 2656 867 2746 fuga
881 2656 1073 2744 Pergamum
1086 2655 1127 2720 ad
1144 2678 1199 2743 pa-

138 2772 216 2822 trem
231 2758 389 2846 pervenit.

180 2860 237 2923 111.
257 2859 337 2923 Post
346 2860 409 2922 hoc
421 2861 565 2947 praelium
576 2861 694 2948 passim
707 2858 956 2923 deficientibusa
967 2883 1041 2949 rege
1051 2861 1197 2948 populis,

140 2959 339 3023 occasionem
356 2958 490 3047 adeptus
506 2978 554 3026 est
562 2960 720 3041 Fimbria,
731 2976 768 3023 ut
784 2959 1006 3025 crudelitatem
1020 2984 1111 3025 suam
1122 2985 1196 3024 ava·

143 3061 310 3147 ritiamque
326 3061 462 3126 satiaret.
475 3063 597 3126 Tantus
614 3062 701 3127 enim
713 3062 848 3125 humani
860 3063 1025 3151 sanguinis
1037 3064 1197 3150 appetitus

142 3164 260 3244 inerat,
278 3179 315 3227 ut
329 3163 447 3252 passim
464 3165 584 3228 multos
598 3186 664 3228 non
683 3186 722 3226 ex
735 3165 871 3244 merito,
888 3187 995 3251 neque
1008 3165 1042 3227 in
1058 3165 1196 3251 aliquam

142 3266 248 3353 populi
263 3266 389 3329 romani
405 3266 598 3345 utilitatem,
614 3264 671 3329 sed
683 3265 783 3328 animi
797 3288 891 3328 causa
905 3264 1076 3329 occideret.
1093 3266 1198 3328 Semel

144 3364 322 3452 complures
346 3366 425 3454 erigi
447 3366 536 3454 palos
555 3367 709 3447 jusserat,
725 3365 782 3429 ubi
805 3366 920 3455 alligati
944 3368 1199 3446 verberarentur,

144 3487 222 3549 quos
238 3464 453 3531 damnaverat.
474 3467 538 3531 Sed
556 3490 659 3555 quum
677 3465 808 3531 adducti
827 3467 872 3530 illi
892 3484 1014 3549 essent,
1027 3467 1199 3551 minorque

144 3565 305 3653 aliquanto
327 3591 498 3650 numerus,
513 3592 612 3657 quam
636 3568 784 3633 crucium
807 3584 906 3646 esset,
923 3567 1139 3654 apparuisset3
1158 3588 1199 3630 ne

144 3668 258 3731 frustra
274 3668 344 3732 fixae
353 3669 552 3752 riderentur,
562 3694 580 3734 e
592 3669 697 3734 media
713 3670 808 3733 turba
824 3669 942 3756 corripi
954 3668 995 3731 ad
1009 3691 1200 3748 numerum,

144 3768 230 3833 etad
247 3792 366 3834 vacuos
383 3772 473 3859 palos
490 3771 615 3861 religari
631 3770 793 3859 praecepit.

185 3870 239 3934 IV.
256 3873 409 3958 Cyzicum
429 3895 533 3959 quum
552 3894 612 3960 pro
629 3871 735 3935 amico
756 3872 922 3952 intrasset,
938 3870 1200 3959 opulentissimos

144 3971 379 4058 oppidanorum
398 3972 591 4061 proditionis
603 3972 735 4036 crimine
747 3972 964 4051 insimulatos,
976 3972 1009 4034 in
1024 3972 1201 4035 :naximum

146 4088 298 4138 terrorem
315 4074 468 4157 conjecit,
486 4074 603 4140 deinde
615 4073 655 4138 ad
669 4072 973 4161 huncaugendum,
988 4096 1026 4135 ex
1040 4072 1129 4135 omni
1144 4095 1205 4134 nu-

181 4303 230 4369 §r
245 4302 278 4354 U.
292 4307 321 4355 c.
332 4307 397 4369 se„
410 4311 442 4358 s.
453 4310 482 4358 o.
498 4312 584 4359 as-
595 4310 702 4374 apptati.
714 4307 825 4358 muer.
840 4336 875 4345 -
885 4310 1010 4356 namma.
1025 4334 1060 4343 -
1074 4307 1125 4354 nv.
1137 4281 1202 4370 ripe.

145 4416 178 4426 ·-
193 4390 252 4454 511.
266 4395 352 4440 Front.
366 4394 438 4440 strat.
453 4395 501 4450 III,
516 4410 554 4456 ¹7·
566 4422 601 4431 --
615 4397 687 4441 Oros.
696 4393 750 4451 VI,
768 4408 793 4441 a.
809 4420 844 4429 -
856 4392 958 4448 riter,
976 4393 1017 4438 32.
1033 4419 1066 4426 —
1077 4392 1204 4438 Memnon.

146 4498 178 4509 —
191 4472 207 4535 S
218 4474 266 4523 Ill.
282 4476 330 4522 nio
343 4474 410 4540 apud
419 4477 497 4523 Voles.
