2670 5018
238 766 293 836 m
323 768 434 835 noc.
460 769 553 835 Lm.
579 771 740 866 cxxxi
770 773 983 843 Liviani.
1093 777 1133 847 81

83 905 147 951 tum
173 885 374 973 respondere
402 887 556 950 nuntiatis
582 889 809 976 comperisset,
839 889 1008 979 diligenter
1032 895 1138 986 colligi

80 988 208 1077 glandes
218 989 362 1068 emissas,
372 1003 405 1051 et
414 987 454 1051 ad
464 1010 498 1052 se
507 988 628 1069 referri,
635 990 740 1069 jussit.
750 989 844 1053 Unde
856 1014 959 1077 quum
966 995 1137 1081 aliquando

81 1089 240 1153 decretam
258 1090 293 1151 in
310 1105 435 1152 certum
450 1104 577 1177 tempus
593 1092 797 1178 eruptionem
812 1090 991 1174 didicisset,
1009 1097 1139 1162 insidias

80 1191 241 1278 erupturis
261 1191 397 1271 struxit,
415 1190 590 1277 multisque
605 1191 796 1271 interfectis,
812 1192 880 1255 aliis
896 1193 929 1255 in
947 1216 1034 1257 mare
1051 1220 1139 1262 com-

80 1293 195 1380 pulsis,
218 1314 372 1380 magnum
395 1292 533 1355 obsessis
556 1291 807 1373 detrimentum,
830 1309 863 1356 et
884 1294 957 1381 plus
975 1295 1139 1382 aliquanto

80 1393 208 1467 terroris
224 1393 346 1456 intulit.

122 1495 196 1558 XII.
218 1494 389 1557 Crescebat
409 1495 531 1558 interea
553 1494 713 1558 indefesso
735 1495 844 1559 labore
863 1496 1003 1560 militum
1026 1520 1139 1587 agger,

80 1616 180 1679 quum
192 1594 369 1658 Archelaus
381 1619 420 1659 ex
429 1595 557 1660 diverso
570 1613 675 1660 turres
688 1598 856 1684 opposuit,
870 1597 958 1661 unde
972 1600 1142 1687 cujusque·

79 1693 164 1757 modi
182 1696 313 1758 missilia
330 1697 392 1759 late
410 1713 660 1785 spargerentur:
677 1698 784 1760 accitis
802 1696 934 1778 deinde,
956 1721 1027 1783 quae
1042 1701 1139 1765 Chal·

78 1793 148 1858 cide
168 1811 201 1858 et
219 1818 278 1883 per
299 1797 437 1884 reliquas
458 1798 578 1861 insulas
600 1798 755 1886 agebant,
775 1797 892 1883 copiis,
916 1820 1019 1882 quum
1043 1800 1139 1864 etiam

79 1896 212 1984 remiges
226 1912 396 1979 armasset,
414 1921 552 1961 numero
567 1897 699 1985 quidem
712 1898 850 1960 militum
864 1897 960 1983 longe
978 1891 1139 1986 superavit

78 1998 215 2078 Sullam,
233 2010 342 2086 quum
360 2000 455 2063 etiam
477 2023 495 2062 a
513 2000 672 2087 principio
692 1999 827 2076 majores
849 1998 1014 2084 aliquanto
1031 2001 1138 2088 copias

77 2097 260 2163 habuisset:
272 2099 394 2163 idcirco
406 2100 539 2162 minime
553 2117 641 2163 ratus
652 2098 888 2181 cunctandum,
903 2100 1048 2186 proxima
1063 2118 1138 2188 post

77 2220 244 2291 acceptum
273 2203 535 2291 supplementum
565 2219 681 2281 nocte,
709 2198 845 2264 validam
872 2201 1076 2288 eruptionem
1103 2202 1138 2264 in

79 2324 173 2388 opera
192 2305 419 2367 Romanorum
434 2303 519 2366 fecit.
539 2303 630 2366 Circa
649 2302 776 2365 tertiam
791 2301 948 2390 vigiliam,
967 2323 1042 2363 cnm
1063 2302 1140 2365 faci·

78 2403 136 2468 hus
152 2404 330 2491 improvisa
343 2405 437 2467 turba
449 2405 613 2485 exsiliens,
627 2405 758 2467 alteram
772 2402 992 2482 testudinum,
1007 2403 1140 2490 etquid·

78 2503 154 2590 quid
170 2505 204 2568 in
223 2528 261 2567 ea
280 2504 504 2569 machinarum
518 2507 637 2586 stabat,
656 2504 822 2568 incendit:
837 2508 944 2592 neque
961 2505 1068 2593 potuit
1080 2505 1137 2570 de·

77 2605 182 2686 leudi,
210 2605 269 2670 sed
301 2606 385 2670 intra
410 2610 594 2693 proximum
623 2607 818 2670 decennium
845 2605 933 2670 aliud
961 2592 1161 2671 excitattim

77 2706 190 2771 eodem
208 2708 283 2770 loco
299 2730 382 2795 opus
399 2708 494 2771 stetit.

117 2810 209 2873 xffl.
230 2809 336 2888 Sulla,
352 2810 485 2896 ignaviae
502 2832 637 2872 suorum
651 2809 767 2888 iratus,
785 2808 953 2871 cohortem
971 2823 1003 2870 et
1021 2825 1133 2871 centu·

77 2912 198 2988 rienes,
224 2930 367 2996 quorum
389 2910 560 2972 stationem
583 2909 685 2972 hostis
703 2923 909 2998 perruperat,
932 2907 1017 2971 illam
1042 2911 1135 2997 igno·

77 3013 181 3074 miuiae
193 3033 288 3074 causa
304 3027 392 3073 extra
402 3011 521 3073 vallum
534 3009 681 3088 tendere,
694 3011 756 3072 hos
768 3011 905 3097 galeatos
916 3025 948 3072 et
962 3009 1137 3075 discinctos

78 3129 217 3198 perstare
230 3113 265 3174 in
282 3112 463 3199 principiis,
474 3112 579 3190 jussit.
597 3111 723 3173 Deinde
735 3111 873 3199 ligneam
891 3111 1023 3190 turrim,
1038 3135 1135 3197 quam

78 3228 188 3275 contra
204 3234 303 3276 suum
320 3227 470 3301 aggerem
490 3211 663 3276 Archelaus
682 3227 841 3290 erexerat,
861 3208 966 3272 modis
983 3212 1135 3274 omnibus
1224 3239 1230 3257 ι

79 3312 250 3377 incendere
271 3313 406 3377 studens
426 3313 620 3402 (plurimum
641 3312 727 3375 enim
747 3309 969 3398 impedimenti
986 3310 1135 3374 obsesso·

79 3415 165 3479 ribus
182 3415 358 3500 afferebat)
373 3414 531 3479 submotis
548 3411 653 3475 valida
665 3412 876 3500 impressione
890 3413 1137 3498 propugnatori·

80 3514 154 3596 bus,
170 3517 257 3604 ligna
272 3517 492 3603 circumponi,
510 3516 595 3578 faces
614 3514 728 3592 subjici
742 3513 845 3591 jussit.
864 3513 1023 3574 Caeterum
1043 3532 1137 3573 cona·

80 3631 128 3678 tus
144 3618 204 3681 iste
219 3618 329 3680 irritus
347 3618 426 3697 fuit,
445 3640 511 3681 non
530 3616 734 3703 concipiente
750 3617 858 3703 ignem
876 3612 1027 3692 materiag
1045 3613 1134 3699 quod

80 3738 146 3778 eam
162 3717 264 3781 multo
279 3718 421 3782 alumine
435 3718 610 3783 Archelaus
623 3716 795 3780 obleverat.
807 3717 893 3778 Dum
905 3712 972 3775 haec
983 3730 1134 3801 aguntur,

81 3818 176 3883 missu
191 3819 388 3884 Mithridatis
401 3820 632 3884 Dromichaetes
644 3839 719 3881 cum
734 3817 825 3880 novis
835 3814 997 3877 Thracum
1010 3816 1134 3878 auxiliis

80 3920 181 3985 alluit.

121 4023 206 4086 xlv.
219 4022 393 4086 Archelaus
406 4023 523 4111 igitur,
539 4017 705 4109 pugnandi
716 4020 858 4079 facturus
873 4013 1017 4099 copiam,
1033 4015 1133 4077 aciem
1169 4022 1172 4027 '

80 4123 119 4185 ita
134 4124 290 4212 applicuit
302 4123 439 4212 oppid0‚
456 4139 494 4186 ut
508 4146 527 4186 a
541 4121 701 4186 moenibus
717 4138 848 4204 quoque
863 4112 957 4191 adjici
970 4111 1010 4175 ad
1021 4114 1135 4176 Roma·

69 4245 136 4286 nos
152 4225 212 4288 tela
233 4242 384 4312 possent,
402 4225 480 4288 alios
496 4222 614 4288 deinde
630 4220 753 4285 lacibus
769 4232 908 4280 armatos
925 4213 1009 4275 intra
1023 4230 1133 4300 portas

81 4325 202 4412 signum
221 4325 414 4412 erumpendi
433 4342 614 4412 exspectare
628 4324 731 4403 jussit.
742 4318 855 4383 Praelio
872 4315 1062 4394 commisso,
1082 4317 1134 4378 lu·-

112 4502 128 4567 S
139 4506 197 4553 ΧΠ.
210 4509 297 4552 From.
306 4506 379 4553 strat.
387 4505 432 4563 IV,
446 4519 466 4550 r.
477 4531 510 4540 —
520 4504 535 4569 ς
546 4505 615 4552 ΠΗ.
625 4474 742 4567 ῥυιάτίς.
749 4515 788 4565 sp.
796 4496 876 4562 Ageu.
885 4497 944 4556 XV,
953 4511 976 4542 1.
985 4520 1020 4531 -
1028 4494 1138 4558 Appnn.
