2670 5018
313 497 318 505 ι

176 779 234 846 IN
266 777 384 844 LOC.
411 778 508 844 LIB.
536 777 797 845 LXXXVIII
829 781 1055 851 LIVIANI.
1085 807 1146 880 ¹9¹

86 897 219 962 Samnio
236 909 362 977 tutum,
385 912 444 960 atet
461 898 597 984 quietum
606 896 687 984 sore
693 944 704 977 ,
723 919 790 960 non
815 896 973 965 dubitavit
992 903 1032 966 ad
1048 927 1152 970 unum

87 1022 204 1063 omnes
225 997 360 1063 caedere.
375 998 652 1061 Praenestinorum
673 998 780 1086 primo
800 999 964 1088 singulos,
988 1025 1082 1068 causa
1100 1029 1154 1070 co-

88 1102 192 1190 gnita,
209 1099 287 1165 duci
304 1100 537 1187 imperaverat3
554 1097 673 1162 deiude
688 1098 866 1188 cognitioni
883 1123 917 1164 se
932 1123 1044 1168 vacare
1060 1129 1154 1193 posse

90 1224 231 1291 negans,
249 1201 440 1280 universos,
457 1222 644 1287 quanquam
659 1201 804 1288 plerique
816 1201 961 1266 insontes
979 1223 1088 1287 erant,
1103 1232 1154 1272 ar-

88 1320 177 1367 mato
191 1303 294 1366 milite
310 1304 451 1383 cinctos,
469 1301 591 1390 sagittis
606 1300 784 1387 jaculisque
803 1301 939 1392 conligi,
955 1319 1012 1367 aut
1029 1307 1155 1371 concidi

90 1404 204 1494 gladiis
221 1405 385 1493 praecepit.
404 1403 455 1468 Ad
469 1401 643 1466 duodecim
662 1403 836 1466 hominum
850 1405 949 1467 millia
965 1405 1011 1469 sic
1026 1407 1157 1472 interie-

91 1522 191 1588 runt,
217 1528 360 1593 quorum
381 1505 527 1592 quinque
552 1504 654 1567 millia
672 1504 888 1568 Praenestinos
910 1504 1009 1570 fuisse
1029 1510 1156 1595 reperio

90 1609 222 1696 (caetera
244 1606 421 1671 multitudo
440 1605 650 1687 Samnitium,
671 1607 805 1692 opinor,
826 1606 921 1693 luit),
936 1608 994 1671 uni
1012 1623 1156 1693 tantum,

91 1733 234 1798 quocum
246 1711 291 1773 illi
298 1710 351 1790 jus
363 1708 496 1796 hospitii
510 1708 630 1788 fuerat,
644 1708 865 1772 incolumitate
876 1730 1042 1791 concessa3
1057 1735 1155 1799 quam

93 1813 144 1877 ille
162 1812 290 1877 fortiter
303 1825 510 1900 aspernatus,
523 1831 623 1897 neque
635 1831 667 1871 se
682 1809 816 1873 salutem
824 1811 943 1897 patriae
955 1832 1021 1874 suae
1028 1812 1158 1899 publico

93 1909 238 2004 catnfici
250 1912 427 1976 debiturum
442 1909 572 1994 dicens,
590 1910 767 1974 immiscuit
781 1933 815 1974 se
829 1910 954 1975 civibus
967 1913 1051 1994 suis,
1066 1929 1099 1978 et
1108 1915 1158 1978 in·

95 2031 142 2078 ter
159 2035 215 2077 eos
238 2014 365 2077 occisus
388 2028 446 2076 est.
466 2011 660 2076 Mulieribus
682 2027 809 2076 tantum
833 2029 866 2076 et
888 2013 1050 2100 impuberi
1071 2017 1157 2080 aetati

94 2116 236 2204 pepercit
249 2115 354 2194 Sulla,
369 2112 491 2177 crudeli
506 2112 741 2193 misericordia,
754 2135 874 2200 quum,
890 2113 1009 2200 quibus
1023 2138 1157 2180 conces·

94 2232 177 2280 serat
193 2216 312 2295 vitam,
328 2215 402 2277 vitae
418 2236 496 2277 usus
514 2212 695 2278 ademisset

137 2318 274 2381 XXXV.
294 2317 378 2379 Nam
398 2314 555 2403 oppidum
576 2316 672 2404 longe
695 2314 892 2378 ditissimum
914 2338 951 2378 ea
970 2333 1157 2404 tempestate

95 2417 243 2506 diripuit,
264 2440 377 2506 agrurn
398 2416 575 2503 publicavit
593 2417 680 2496 :jam
696 2418 783 2480 enim
801 2415 909 2479 desitis
929 2420 995 2481 fere
1014 2419 1158 2507 singulo·

95 2542 166 2582 rum
180 2519 354 2582 bominum
372 2519 493 2607 pesnis,
512 2518 707 2605 municipia,
725 2519 950 2606 coloniasque,
969 2537 1001 2583 et
1017 2523 1158 2587 civitates

96 2621 233 2711 integras
252 2621 444 2700 mulctabat,
466 2620 601 2683 aliarum
623 2620 752 2684 arcibus
775 2620 1001 2708 moenibusque
1024 2623 1157 2706 dirutis,

94 2722 162 2785 aliis
180 2722 268 2810 gravi
280 2722 445 2784 exactione
463 2721 623 2809 oppressis
636 2745 644 2801 ;
659 2721 806 2809 quaedam
821 2722 916 2785 etiarn
929 2723 990 2785 sub
1004 2724 1094 2787 basta
1103 2749 1159 2790 ve·

95 2824 243 2905 nierunt,
257 2824 438 2905 Florentia,
452 2823 649 2911 Spoletium,
664 2826 865 2905 Interamna,
880 2824 964 2888 etde
978 2849 1044 2912 quo
1056 2829 1159 2892 multa

92 2924 155 3003 jam
173 2925 331 3006 diximus,
352 2925 523 2989 Praeneste.
541 2926 656 2989 Sulmo
674 2947 824 3012 quoque,
841 2926 921 2988 Latii
937 2941 1029 2990 vetus
1048 2943 1079 2990 et
1094 2929 1158 2991 cla·

95 3049 168 3090 rum
189 3027 366 3116 oppidum,
389 3028 579 3116 priusquam
604 3043 824 3115 expugnatum
848 3043 948 3108 esset,
969 3026 1157 3093 damnatum

96 3127 246 3217 diruique
264 3129 408 3209 jussum,
432 3151 508 3191 cum
531 3129 599 3191 aliis
624 3127 768 3209 ejusdem
792 3129 933 3217 regionis
953 3129 1098 3217 oppidis,
1116 3131 1156 3194 ab

97 3229 154 3293 illis
173 3230 376 3317 temporibus
392 3232 461 3292 esse
479 3228 583 3292 desiit.

137 3332 292 3396 XXXVI.
318 3333 394 3394 Haec
417 3331 525 3393 omnia
549 3331 687 3393 Romani
709 3331 871 3418 sociique,
892 3353 953 3394 nec
975 3332 1157 3415 immerito,

96 3433 315 3520 patiebantur,
341 3432 483 3520 pristinae
507 3431 634 3494 virtutis
659 3432 936 3519 simplicitatisque
960 3430 1158 3515 desertores3

97 3557 196 3621 quos,
214 3534 338 3597 etiamsi
355 3534 487 3622 indigna
500 3549 706 3620 paterentur,
726 3534 859 3597 meritos
872 3533 993 3596 diceres
1004 3535 1055 3597 vel
1068 3532 1158 3614 ideo,

98 3636 169 3721 quia
192 3636 259 3722 pati
277 3651 456 3723 potuerunt
476 3656 483 3697 :
503 3656 610 3720 neque
634 3634 721 3696 enirn
745 3652 883 3720 usquam
907 3656 944 3697 ea
970 3648 1158 3720 tempestate

98 3759 272 3825 generosus
295 3737 348 3799 ille
370 3736 482 3824 populi
507 3735 631 3799 romani
657 3735 805 3822 spiritus,
830 3751 862 3798 et
883 3734 980 3797 rebus
1002 3735 1155 3799 omnibus

98 3839 262 3925 antiquior
280 3837 435 3901 libertatis
458 3860 564 3918 amor,
588 3852 801 3924 praeterquam
825 3837 858 3898 in
883 3836 999 3923 puerili
1021 3838 1153 3902 Catonis

98 3939 205 4002 animo
220 3938 342 4002 resedit
357 3961 364 4001 :
379 3937 406 4001 is
420 3962 542 4002 annum
556 3962 653 4028 agens
669 3937 1003 4034 quartumdecimum,
1021 3962 1039 4002 a
1055 3940 1157 4026 preda·

98 4064 180 4131 gogo
197 4044 387 4129 frequenter
406 4042 565 4106 salutandi
582 4044 678 4107 Sullae
696 4065 791 4105 causa
809 4041 945 4105 domum
963 4042 1031 4121 ejus
1050 4043 1155 4107 dedu·
1242 4116 1245 4122 4

132 4290 148 4356 S
167 4293 293 4340 mlv.
313 4289 391 4340 strab.
405 4290 489 4348 libv,
505 4307 530 4354 p.
547 4298 608 4352 ²⁴9·
618 4315 653 4326 -
663 4288 769 4353 Appian.
787 4315 822 4325 —
838 4288 890 4335 Lis.
905 4288 970 4352 Epit.
986 4314 1022 4323 —
1037 4286 1159 4335 Plutarch.

100 4402 132 4413 -
143 4376 198 4425 Vel.
210 4377 280 4424 Max.
293 4403 328 4413 -
342 4377 433 4424 Lucan.
443 4376 481 4433 11,
496 4391 520 4420 r.
533 4371 662 4436 193.-§
677 4373 786 4419 XXXV.
799 4370 907 4436 Appiau.
924 4396 959 4406 -
974 4371 1033 4417 Tac.
1046 4396 1081 4406 -
1095 4368 1159 4416 Flor.

101 4459 148 4517 III,
158 4475 200 4533 at,
218 4486 254 4496 --
269 4458 351 4507 strab.
363 4486 399 4495 -
409 4459 515 4522 Dionys.
524 4457 556 4514 V,
572 4457 613 4515 87.
634 4483 669 4493 —
683 4455 745 4504 Plin.
760 4457 812 4514 III,
826 4456 850 4502 5.
864 4482 899 4492 -
911 4453 1034 4503 Plutarch.
1045 4453 1071 4500 ln
1082 4451 1161 4506 Sulla,

101 4553 123 4590 et
134 4543 251 4609 Pmept.
263 4543 336 4607 Κάρ.
349 4543 473 4606 gerenda,
486 4558 540 4607 cap.
556 4542 597 4590 51.
