2670 5018
10 43 70 86 uu,
89 42 123 69 ιιι
141 41 196 93 pur·
215 39 300 86 crue,
320 39 338 69 u
359 37 512 94 rulllpelo
531 34 724 96 Imperator,
744 33 782 70 Vll

1 132 72 171 >rem
90 110 179 170 illum
195 110 357 185 salutarim
374 112 512 172 mullum
530 112 737 189 inlinendum,
752 136 782 197 qr

18 213 173 272 luminum
190 212 382 272 :ululrsrenli
402 213 557 273 tribulum
579 214 614 273 iri
639 214 770 274 minime

8 314 28 374 b
46 338 84 373 ru
100 314 204 391 Sulla,
221 314 274 398 qui
294 312 333 373 di·
351 314 411 373 istu
430 337 502 373 cunr
522 315 725 400 Scipionibus
743 331 771 375 ul

1 429 42 475 et.
58 413 180 475 Caetera
190 436 322 499 quoque
334 413 374 476 ad
385 414 530 477 eamdem
544 415 681 477 formam
692 417 784 478 comil

6 515 57 578 eio
78 514 219 578 venienti
239 537 406 604 assurgere
426 515 467 579 de
491 517 584 597 sella,
606 531 701 604 caput
723 539 784 605 ape:

8 615 109 680 odum
125 616 221 680 etiam
238 615 377 680 dictator
391 617 515 706 privato
527 617 682 697 servavit,
696 639 784 681 unun

5 717 91 780 eium
107 715 171 779 hoc
187 716 313 780 honore
329 715 490 805 dignatus.

1 819 65 881 ill.
90 816 153 881 Sed
179 833 211 880 et
233 819 366 880 consilia
389 838 463 881 cum
490 839 530 880 eo
555 818 785 897 communicelu

2 923 120 984 rimum
135 921 168 982 in
180 920 248 998 ejus
260 920 378 982 virtute
392 919 568 1006 reponebat
577 921 655 1008 spei.
668 920 783 1008 Aliqua

1 1044 58 1085 um
77 1043 136 1100 eo,
153 1035 191 1082 ut
207 1021 241 1082 in
259 1020 452 1108 Cisalpinam
468 1019 602 1083 Galliam
620 1043 696 1085 eum
709 1022 786 1110 imp«

6 1138 80 1185 tur.
101 1152 113 1176 «
128 1122 185 1184 Est
199 1121 286 1183 enim
300 1120 363 1201 ibi,
377 1121 438 1201 ait,
459 1120 500 1201 Q.
515 1121 682 1202 Metellus,
694 1122 743 1184 vir
756 1144 786 1211 ⁰l

21 1244 87 1285 non
102 1220 320 1309 spernendus:
334 1219 391 1284 sed
405 1221 513 1284 neseio
527 1221 694 1308 quomodo
708 1244 785 1311 segn

1 1371 20 1405 a,
34 1346 131 1411 quam
148 1323 216 1386 haec
230 1339 375 1411 tempora
389 1322 583 1387 desiderent.
597 1324 700 1387 Nobis
714 1345 786 1411 mex

10 1442 41 1490 te
62 1448 134 1513 spes
155 1441 222 1507 est3
248 1425 309 1488 nisi
328 1425 567 1512 quamprimum
584 1426 761 1506 vincimus,
779 1448 787 1481 i

31 1525 163 1613 quidem
177 1526 286 1588 omnia
299 1527 516 1614 prosperrime
529 1542 714 1590 cesserunt:
730 1548 788 1614 pac

12 1652 30 1692 a
44 1645 135 1717 tergo
149 1628 359 1714 reliquimus,
374 1628 504 1715 populi;
521 1643 576 1691 tua
591 1627 711 1692 virtute
727 1626 780 1691 alii

12 1729 156 1793 hostium
183 1728 342 1792 exereitus
371 1728 434 1791 fusi
461 1728 649 1817 lugatique,
677 1727 788 1793 totider

1 1846 33 1894 te
55 1829 291 1911 concedentes,
314 1845 347 1892 et
364 1828 493 1892 initium
513 1829 653 1893 victoriae
678 1829 789 1918 magni:

0 1955 41 1995 *m
62 1930 150 1995 hand
165 1930 311 2019 exiguam
331 1933 486 1994 fecerunt.

22 2083 29 2097 .
48 2065 61 2089 ι
74 2035 133 2098 Est
151 2048 259 2096 tamen
279 2031 386 2096 adhuc
401 2029 588 2095 adversariis
605 2032 789 2119 permultun

5 2158 23 2200 e
46 2152 167 2200 temere
195 2133 427 2214 debilitentur,
455 2132 612 2219 quamdiu
629 2133 788 2221 Cisalpina
