2670 5018
284 735 342 801 [Ν
372 733 481 803 noc.
508 734 599 799 mn.
628 733 788 801 Lxxm
817 738 1029 808 mvram.
1139 722 1184 816 8'3

170 855 275 917 xvlt.
302 854 404 932 Cujus
427 875 523 939 quam
548 853 757 916 intolerabilis
780 855 898 918 saevitia
920 856 1034 940 fuerit,
1053 861 1093 924 ab
1118 887 1185 928 uno
1274 911 1277 915 -

131 954 327 1019 documento
339 954 472 1042 intelligi
485 969 607 1040 potest3
623 952 712 1040 quod
727 954 911 1018 Nicocrates
923 956 963 1020 acl
976 976 1083 1044 portas
1095 964 1184 1029 urbis

131 1056 280 1120 custodes
299 1054 466 1143 apposuit,
485 1054 542 1140 qui
561 1071 721 1133 mortuos,
738 1077 839 1140 quum
858 1056 1091 1140 efferebantur,
1109 1064 1185 1152 igne

130 1180 165 1221 ac
177 1159 264 1221 ferro
280 1155 416 1220 admoto
433 1170 611 1234 tentarent,
623 1155 741 1241 nequis
754 1156 958 1220 simulatione
975 1162 1086 1225 mortis
1102 1166 1186 1228 eltu-

130 1280 202 1346 gere
219 1255 425 1345 tyrannidem
442 1270 560 1342 posset.
579 1258 739 1319 Caeterum
756 1257 846 1332 illum
867 1258 980 1348 ingens
998 1261 1096 1324 animi
1113 1287 1186 1328 mu-

132 1359 188 1422 lier
205 1358 406 1445 Aretaphila,
428 1356 590 1419 concitato
612 1357 645 1418 in
666 1378 740 1419 eum
761 1358 856 1419 fratre
876 1359 1004 1443 tyranni
1022 1360 1186 1444 Leandro,

132 1460 318 1541 sustulerat3
334 1457 451 1521 deinde
463 1457 568 1543 ipsum
583 1457 677 1519 etiam
695 1456 894 1536 Leandrum,
912 1473 1082 1544 postquam
1099 1461 1188 1525 simi-

134 1558 194 1622 lem
212 1582 248 1622 se
266 1558 397 1648 gerebat
414 1559 462 1637 ei,
477 1579 575 1643 quem
593 1557 805 1619 interemerat.
818 1559 1024 1622 Accesserant
1042 1577 1074 1623 et
1089 1560 1188 1626 finiti·
1236 1593 1238 1597 ¹

134 1681 260 1723 morum
284 1660 366 1723 bella
391 1659 516 1747 :igitur
540 1658 614 1721 licet
640 1658 743 1721 excisa
766 1658 935 1746 tyrannide
955 1659 996 1722 ad
1018 1663 1188 1748 optimates
1250 1738 1254 1756 Ι

134 1760 313 1848 respublica
333 1759 485 1840 redisset,
513 1775 618 1821 tamen
644 1780 704 1820 nec
728 1759 901 1823 auctoritas
921 1760 999 1841 illis,
1024 1785 1084 1826 nec
1108 1787 1188 1829 con·

134 1862 239 1926 cordia
258 1861 385 1944 aderat;
403 1884 504 1948 quum
523 1884 541 1923 a
564 1859 684 1923 recenti
702 1859 921 1924 dominatione
941 1862 1060 1928 timidis
1078 1888 1188 1929 neces·

134 1964 215 2027 sario
240 1979 408 2053 suspectus
426 1961 542 2042 lieret,
571 1961 717 2048 quisquis
745 1984 841 2047 supra
865 1980 995 2025 caeteros
1021 1964 1188 2053 ingenium

134 2064 342 2152 animumque
360 2063 476 2126 habere
492 2061 692 2125 credebatur.

176 2165 297 2230 xvltl.
319 2166 430 2246 Quum
447 2163 498 2226 his
512 2163 710 2250 temporibus
726 2164 762 2225 L.
772 2164 925 2227 Lucullus
938 2170 1189 2253 supervenisset,

135 2266 219 2329 velut
246 2264 401 2329 divinitus
429 2264 561 2327 missum
585 2265 683 2351 pacis⁹
699 2264 917 2351 libertatisque
944 2268 1189 2334 instauratorem

135 2367 287 2456 amplexi,
310 2381 348 2428 ut
369 2366 454 2453 leges
474 2365 535 2428 sibi
555 2368 672 2446 lerret,
693 2380 883 2445 oraverunt,
902 2366 1020 2452 quibus
1037 2367 1188 2458 deinceps

136 2469 240 2532 civitas
254 2483 430 2556 regeretur.
443 2466 517 2548 llle,
537 2467 701 2530 recensitis
714 2466 875 2529 veteribus
892 2467 1034 2555 legibus,
1053 2472 1189 2536 maxime

136 2592 212 2657 quas
229 2569 308 2633 olim
325 2566 484 2633 Ecdemus
504 2583 536 2629 et
552 2567 779 2653 Demophanes
795 2566 1056 2656 Megalopolitani
1074 2590 1188 2661 rogatu

135 2674 361 2758 Cyrenaeorum
384 2669 540 2747 tulerant,
569 2666 751 2756 additisque
781 2691 820 2731 ex
844 2671 991 2756 praesenti
1013 2695 1075 2735 usu
1100 2676 1188 2757 aliis,

136 2772 364 2860 rempublicam
381 2792 493 2834 eorum
512 2769 595 2832 belle
610 2761 803 2857 composuit.
821 2769 858 2833 ld
873 2771 930 2834 ubi
946 2774 1124 2861 perfectum
1142 2794 1190 2841 est

137 2873 321 2961 negotium,
336 2870 448 2936 eadem
467 2871 574 2934 hieme
586 2871 619 2933 in
631 2870 811 2959 AEgyptum
825 2869 901 2934 inde
916 2873 1083 2962 navigavit.
1096 2877 1134 2939 In
1150 2901 1189 2941 eo

135 2995 232 3039 cursu
252 2974 414 3062 plerisque
437 2972 572 3035 navibus
594 2972 769 3058 piratarum
792 2970 924 3035 audacia
952 2972 1107 3060 depressis
1134 2994 1190 3040 aut

136 3075 253 3163 captis,
268 3075 335 3163 ipse
351 3073 522 3136 incolumis
537 3088 569 3135 et
582 3095 692 3160 sospes
706 3065 928 3137 Alexandriam
944 3075 1107 3161 pervenit,
1123 3079 1189 3141 exi·

137 3176 265 3264 mioque
277 3176 403 3240 honore
415 3191 447 3240 et
461 3172 638 3263 magnificis
651 3197 669 3237 a
683 3197 758 3263 rege
773 3175 954 3239 honoribus
968 3177 1074 3240 cultus
1088 3196 1143 3242 est.

177 3278 268 3342 xlx.
292 3279 374 3341 Nam
400 3294 433 3340 et
456 3275 674 3363 quadruplum
698 3277 784 3357 ejus,
803 3275 893 3362 quod
917 3276 985 3340 aliis
1006 3278 1190 3366 hospitibus

136 3379 286 3468 assignari
300 3394 526 3458 consueverat,
542 3377 571 3440 ei
588 3375 753 3441 decretum
769 3393 837 3457 est;
859 3393 892 3440 et
906 3400 1040 3441 munera
1055 3402 1072 3443 e
1088 3380 1189 3447 talen-

138 3480 176 3543 tis
186 3481 352 3570 octoginta
365 3481 475 3560 missa,
493 3501 564 3566 quae
580 3495 688 3541 tamen
707 3478 759 3540 ille
771 3500 838 3540 non
853 3478 984 3564 accepit.
999 3478 1189 3544 Ptolemaeus

140 3594 206 3642 turn
217 3580 336 3643 iterum
350 3578 520 3667 regnabat,
534 3577 670 3642 Lathuri
684 3594 901 3668 cognomento
915 3579 1065 3642 acaeteris
1079 3578 1191 3644 distin·

138 3681 190 3768 gui
202 3681 333 3760 solitus;
349 3703 447 3766 quem
459 3696 533 3766 post
546 3679 650 3742 fratris
659 3678 830 3743 Alexandri
842 3700 971 3759 necent,
985 3679 1191 3746 Alexandrini

138 3779 177 3844 ad
189 3798 279 3845 vetus
295 3804 432 3870 regnum
447 3782 585 3868 eCypro
602 3795 848 3843 revocaverant:
863 3801 937 3841 nam
952 3794 1085 3842 matrem
1101 3780 1193 3846 Cleo·

139 3899 256 3969 petram
263 3881 456 3963 Alexander,
468 3880 682 3946 Alexandrum
690 3879 834 3969 AEgyptii
843 3879 928 3942 bello
940 3881 1126 3968 persequuti
1141 3905 1192 3946 oo·

139 3983 289 4048 ciderant.
308 3985 423 4071 Neque
439 3983 546 4048 adhuc
562 3985 656 4071 plane
672 3998 779 4045 motus
796 4003 907 4044 omnes
924 3981 1070 4046 exstincti
1084 4000 1189 4063 erant,

139 4108 322 4174 quanquam
330 4087 473 4168 Thebas,
485 4109 557 4174 quae
567 4085 767 4159 defecerant,
780 4084 910 4148 triennii
924 4084 1009 4147 bello
1021 4085 1191 4171 recepisset
1230 4115 1246 4134 κ

141 4185 346 4267 ptolemeus,
369 4186 515 4275 adeoque
537 4185 709 4274 redegisset
732 4187 887 4266 humiles,
909 4202 945 4248 ut
962 4186 1014 4250 vix
1036 4170 1190 4250 memoria

173 4400 285 4466 §xvtt
301 4401 422 4449 Plutarch.
437 4401 467 4448 de
479 4402 534 4449 virt.
546 4400 643 4450 Mulier.
655 4417 711 4466 cap.
721 4401 764 4454 34.
777 4427 812 4436 -
825 4401 935 4464 Polyaen.
946 4402 1018 4448 Strat.
1028 4400 1145 4447 tiuvnt.
1158 4425 1192 4434 -

140 4484 261 4548 §mlh
276 4484 398 4533 Plutarch.
412 4485 565 4543 inbuenda,
579 4496 604 4533 et
617 4485 714 4549 Philop.
724 4499 778 4546 cap.
792 4498 813 4529 1.

881 4557 1018 4647 4),
