2670 5018
6 49 183 96 anssrmum
207 57 371 120 quemque
392 35 542 121 cognovit
561 57 568 96 :
585 34 648 94 lroc
669 33 771 95 stimul

5 135 58 195 llas
77 134 117 196 ael
137 150 241 220 partes
256 137 418 215 animum,
438 158 502 196 non
526 151 631 196 tamen
654 152 689 196 ut
707 157 766 195 con

2 259 74 295 unm
104 238 173 321 opis·
198 261 312 323 egens,
343 238 396 298 serl
420 238 656 298 lirmnrnemnm
680 238 771 321 quibs

6 361 81 416 um,
111 355 142 398 et
167 362 241 399 cum
268 340 424 400 benelieio
447 340 579 400 veniret.
607 339 709 425 lgitnr
733 362 773 398 sos

1 438 3 449 ’
32 438 190 502 exercitus
222 439 384 526 reliquiis,
414 461 517 525 quum
543 437 679 500 Vindius
705 438 773 523 qui(

45 562 84 603 ex
101 537 181 603 ludo
198 540 308 604 subito
324 541 587 604 concionatorem
601 540 742 618 l’aotum,
759 560 774 601 e

1 663 30 705 ‘s
54 640 265 707 adolescentis
288 642 379 705 lavor
401 641 480 721 fuit,
497 656 552 715 ut,
573 663 592 704 a
612 639 721 703 multis
740 639 775 702 sis

13 792 21 824 ,
39 741 177 806 Vindius
194 766 212 806 e
230 742 364 832 vestigio
381 742 627 829 opprimeretur.

14 845 56 908 [Ι.
73 846 111 907 ln
126 845 200 907 foro
216 845 315 932 igitur
327 843 546 905 Auximatium
560 857 668 905 erecto
681 840 776 904 tribui

2 967 58 1007 unr
80 945 261 1033 professus,
278 942 437 1005 Ventidiis
458 943 632 1021 fratribus,
649 943 706 1028 qui
725 941 776 1029 pri

5 1091 13 1122 ,
35 1060 68 1107 et
87 1043 288 1107 carboniante
312 1042 462 1106 factionis
487 1058 598 1123 erant,
621 1040 774 1106 excedere

7 1166 38 1206 nr
56 1143 180 1207 habuit.
200 1144 249 1207 Ab
266 1144 330 1207 hoc
346 1143 439 1206 initio
456 1166 559 1230 quum
578 1144 681 1207 vicina
698 1164 778 1229 quoel

6 1259 84 1323 ret,
99 1244 322 1307 Carbonianus
334 1244 458 1330 ubique
471 1246 692 1332 proturbaret,
707 1244 778 1308 bret

17 1367 31 1406 s
46 1360 109 1424 est,
124 1361 161 1409 ut
177 1361 240 1409 tres
257 1346 395 1435 integras
410 1347 552 1436 legiones
566 1346 627 1409 sub
641 1345 740 1434 signis
756 1342 778 1408 d

8 1445 86 1509 lruie
114 1448 268 1510 exercitui
297 1464 564 1526 commeatuum,
591 1462 778 1510 caeterarum

5 1568 55 1608 ·us
74 1562 245 1634 apparatus
265 1547 384 1612 deerat.
408 1549 513 1636 Ipsius
531 1569 726 1635 permagnus
743 1568 780 1634 ap

18 1671 157 1738 ,magna
169 1648 256 1736 apud
274 1671 387 1714 omnes
403 1649 572 1713 admiratio
590 1664 676 1728 erat,
695 1648 752 1735 qui
770 1647 782 1711 i

12 1751 198 1831 remissum,
212 1768 268 1815 aut
280 1752 438 1831 juvenile,
452 1750 509 1814 sed
520 1750 630 1814 omnia
641 1749 782 1839 magnis·

1 1850 147 1939 igitabat:
163 1852 273 1915 nullus
294 1852 340 1915 illi
360 1852 453 1916 labor
468 1851 582 1931 taedio,
603 1851 690 1914 nulla
705 1850 782 1915 defu

4 1982 7 1989 ·
37 1967 125 2034 erat3
149 1953 213 2016 ribi
240 1953 371 2041 vinique
396 1970 598 2040 temperans,
618 1952 725 2016 somni
740 1974 782 2040 pa·

19 2054 62 2117 ris
87 2055 273 2144 negligens,
294 2055 448 2134 majorem
470 2053 598 2117 dierum
624 2052 783 2139 noctiumr¹

13 2155 38 2217 is
59 2171 115 2219 aut
135 2155 306 2243 operibus,
321 2170 379 2218 aut
399 2171 485 2218 certe
506 2153 784 2243 cogitationibust

0 2271 105 2318 enter
131 2255 216 2320 inter
240 2255 357 2319 milites
383 2277 533 2319 exercens
558 2276 699 2341 corpus,
724 2274 785 2316 ouu

10 2402 19 2433 ,
35 2377 111 2418 cum
127 2357 293 2421 velocibus
309 2379 427 2426 eursu.
444 2379 518 2420 cum
534 2355 646 2419 validis
663 2355 750 2418 lucta
765 2376 785 2417 o
