2670 5018
588 43 629 105 sit
653 65 795 129 equum5
818 40 1023 127 phalerisque
1046 56 1078 102 ct
1094 62 1158 103 arm

586 144 696 224 jectis,
720 141 835 204 eodem
853 159 885 204 et
908 143 975 230 ipse
997 140 1132 221 accidit,
1155 164 1161 201 ι

589 246 733 331 supplex.
752 244 854 305 Caesar
870 258 1143 321 cornmemomto,
1161 272 1165 299 t

589 348 706 409 malam
719 346 771 409 ille
783 344 915 433 gratiam
927 345 1104 423 retulisset,
1119 344 1167 406 iu*

591 446 725 535 pboque
744 446 873 511 servari.

635 549 726 612 VIII.
753 548 915 612 Omnibus
940 545 1058 611 deinde
1079 547 1172 609 civita

592 648 633 711 de
658 671 736 736 pure
761 648 966 713 mittentibus
985 648 1128 737 legatos,
1152 670 1178 710 n

591 750 810 836 Arvernisque
827 766 859 811 et
875 748 1008 829 AEduis‚
1025 765 1063 811 ut
1083 766 1181 836 poten

591 848 752 915 beneficio
777 851 1009 940 adstringeret,
1033 850 1147 939 viginti
1165 874 1184 913 ιι

593 972 697 1035 quum
716 974 754 1015 ex
770 952 838 1015 aliis
857 953 1007 1039 populis,
1031 952 1187 1041 singulae

594 1050 643 1113 dae
658 1052 792 1114 nomine
803 1051 970 1116 divisisset.
991 1053 1129 1140 Propter
1145 1053 1191 1115 bur

595 1174 656 1214 nroe
669 1152 861 1240 supplicatio
872 1152 1000 1216 dierum
1011 1153 1125 1242 viginti
1140 1152 1194 1216 dec

594 1254 812 1340 irrumpentes
835 1255 869 1317 in
889 1256 1012 1342 Syriam
1032 1255 1168 1319 Parthos
1191 1264 1197 1313 t

595 1371 737 1442 quoestor
752 1352 877 1436 suerat,
897 1356 1033 1420 feliciter
1051 1356 1180 1444 repulit.

637 1456 697 1520 IX.
712 1454 1135 1537 Hie,udbuoviroC1nsso,
1148 1456 1201 1520 del

594 1558 784 1647 imperium,
805 1581 864 1623 nec
881 1575 1065 1647 receptum,
1084 1574 1158 1647 post
1173 1581 1203 1621 m

593 1659 679 1725 sario
700 1675 883 1747 receperat,
909 1660 1071 1724 Antiocho
1094 1658 1202 1746 quoda

595 1758 741 1841 Parthis,
756 1762 845 1847 quasi
865 1759 1018 1825 nudatum
1033 1760 1116 1823 duee
1132 1776 1164 1823 et
1181 1784 1203 1825 e:

595 1862 754 1926 rentibus.
778 1861 842 1926 Sed
858 1885 894 1926 ea
915 1862 983 1949 ipsa
1000 1860 1117 1926 fiducia
1138 1863 1203 1925 salu

597 1956 728 2051 Quippe
748 1964 837 2026 velut
860 1962 901 2027 ad
924 1963 1016 2026 facile
1035 1962 1157 2026 bellum
1181 1986 1203 2026 ιι

593 2079 749 2125 venerant
767 2086 775 2127 ε
794 2062 882 2127 uude
901 2064 1003 2144 major
1016 2064 1172 2129 militibus
1188 2088 1204 2128 a

594 2159 760 2249 diligentia
782 2182 815 2229 et
830 2166 949 2231 virtuto
969 2165 1104 2245 rejectus
1123 2189 1198 2228 cum

595 2261 677 2325 chus
689 2263 887 2328 interfectus.
903 2266 971 2329 Sub
984 2265 1068 2329 idem
1084 2284 1203 2328 ternum
