2670 5018
147 898 265 986 opibus
277 899 533 987 provinciarum,
549 897 731 980 modicum,
746 898 1010 986 quadringenties
1022 899 1057 963 in
1069 900 1215 991 singulos
1250 978 1253 982 ⁴

147 1023 250 1064 annos
266 1000 417 1089 stipendii
435 1001 567 1064 nomine
585 1000 725 1063 conferri
738 1000 844 1079 jussit.
862 999 989 1067 Deinde
1001 1023 1060 1088 per
1073 1004 1213 1091 speciem

147 1101 397 1167 commendandi
414 1102 458 1166 Μ.
478 1101 631 1183 Antonii,
650 1102 705 1189 qui
721 1117 912 1191 auguratum
926 1102 1073 1190 petebat,
1090 1104 1123 1167 in
1139 1105 1214 1169 Gal·

145 1204 220 1269 liam
237 1208 392 1296 Togatam
412 1222 647 1292 transgressus,
671 1205 847 1292 municipia
864 1219 896 1268 et
911 1204 1053 1269 colonias
1072 1207 1213 1294 appella·

144 1307 206 1387 vit3
222 1307 310 1370 baud
322 1305 503 1369 minoribus
518 1322 671 1395 exceptus
682 1306 879 1388 honoribus,
897 1329 995 1394 quam
1008 1323 1102 1372 antea
1116 1309 1214 1373 Pom·

144 1409 219 1496 peio
233 1410 331 1473 fuisse
348 1408 509 1471 exhibitos
525 1408 722 1495 scripsimus.

189 1512 277 1575 xlx.
304 1511 381 1573 Haec
409 1509 518 1572 omnia
544 1511 649 1572 Caesar
680 1531 720 1571 eo
746 1509 864 1572 fecerat
892 1507 1092 1595 studiosius,
1120 1511 1211 1598 quod

143 1609 316 1675 adversarii
346 1610 414 1689 ejus
447 1610 539 1673 valde
572 1609 775 1673 exsultabant
809 1610 999 1675 consulibus
1037 1610 1211 1701 designatis

143 1712 178 1776 L
200 1713 407 1793 Lentulo,C.
424 1710 591 1790 Marcello,
609 1727 640 1773 et
654 1711 721 1774 Ser.
737 1709 838 1774 Galba
855 1711 1002 1798 repulso,
1017 1733 1074 1799 qur
1065 1711 1210 1802 legatus

143 1813 272 1877 Caesaris
287 1814 409 1892 fuerat3
422 1834 609 1898 quanquam
623 1811 649 1873 is
664 1811 763 1900 gratia
775 1810 1001 1900 suffragiisque
1014 1813 1087 1899 plus
1098 1814 1212 1879 valuis-

142 1929 201 1981 sct
224 1915 355 2002 Quippe
373 1913 578 2001 plurimum
570 1935 604 1974 m
627 1912 717 1976 Urbe
737 1911 912 1998 Pompeius
928 1929 1071 2000 poterat,
1094 1916 1210 2004 pleris-

142 2038 207 2103 que
225 2014 496 2105 suffragantibus,
513 2029 545 2077 et
563 2011 721 2077 inter'bos
735 2015 795 2100 Ap.
810 2013 945 2078 Claudio
961 2037 1095 2080 censore
1110 2040 1118 2081 :
1133 2041 1208 2082 nam

142 2132 175 2180 et
190 2132 386 2205 postremam
404 2115 511 2178 liberae
527 2113 713 2203 reipublicae
730 2136 900 2178 censuram
915 2117 1039 2204 Appius
1055 2118 1128 2199 hic,
1144 2121 1211 2183 col·

142 2219 211 2307 lega
228 2219 263 2283 L.
281 2219 417 2298 Pisone,
439 2217 590 2281 exercuit.
608 2216 650 2279 Et
673 2215 747 2278 Piso
765 2215 897 2303 quidem
921 2216 1072 2282 studebat
1088 2242 1209 2308 genero

142 2320 257 2384 Caesari
273 2343 281 2385 z
300 2320 426 2408 Appius
445 2318 596 2381 inimicus
615 2315 694 2380 dum
711 2338 829 2379 nocere
846 2333 1004 2398 conatur,
1023 2320 1097 2406 plus
1112 2320 1208 2385 etiam

140 2422 261 2486 invitus
275 2422 462 2508 insciusque
483 2417 645 2507 proderat.
669 2416 752 2480 Nam
769 2416 845 2481 Piso
866 2417 910 2480 ob
929 2416 1117 2482 affinitatem
1137 2422 1208 2485 Cae·

140 2525 240 2604 saris,
267 2540 300 2587 et
321 2522 465 2610 alioquin
489 2520 696 2608 negotiorum
721 2516 856 2582 minime
880 2537 1034 2607 appetens
1058 2519 1208 2612 (quippe

139 2625 349 2712 opinionibus
375 2625 610 2712 Epicureorum
638 2619 780 2703 deditus,
809 2643 851 2684 ne
874 2643 1044 2684 censuram
1072 2622 1207 2709 quidem
1244 2626 1247 2630 ’

139 2725 302 2814 suscipere
312 2725 476 2811 voluerat)
494 2723 627 2786 notabat
641 2722 804 2785 neminem
822 2743 830 2784 ε
846 2721 969 2808 Appius
985 2722 1103 2787 multos
1118 2724 1208 2813 equi·

139 2841 187 2889 tes
210 2842 438 2913 senatoresque
464 2823 627 2905 notando,
656 2839 694 2886 ut
712 2820 887 2911 postmodo
910 2824 1040 2887 Caesaris
1058 2827 1204 2913 partibus

137 2927 286 3016 cupidius
308 2951 340 2992 se
357 2928 571 3016 applicarent,
589 2923 757 2989 efficiebat.

182 3030 256 3092 XX.
273 3030 342 3091 Jam
361 3030 504 3116 primum
525 3027 667 3091 libertini
687 3026 812 3114 generis
829 3040 992 3112 quotquot
1007 3041 1115 3108 erant,
1131 3049 1204 3091 mo·

136 3129 232 3193 rebat
252 3145 387 3210 senatu3
411 3129 528 3193 deinde
547 3129 657 3192 multis
681 3129 777 3192 etiam
796 3127 960 3191 nobilibus
982 3128 1128 3193 eamdem
1145 3131 1205 3194 im·

137 3229 291 3317 pingebat
305 3230 526 3320 ignominiam.
544 3231 613 3293 Hos
630 3230 715 3293 inter
734 3245 767 3292 et
781 3229 949 3293 Sallustius
968 3230 1101 3318 Crispus
1115 3234 1203 3296 curia

136 3345 267 3393 exactus
288 3346 355 3411 est3
378 3352 480 3416 quum
499 3330 687 3393 censoribus
707 3329 741 3392 in
759 3346 892 3410 senatu,
909 3353 941 3392 se
962 3353 1026 3393 non
1041 3345 1204 3396 matrona·

136 3455 223 3512 rum,
243 3432 298 3494 sed
308 3432 540 3508 membrarum,
558 3446 741 3494 sectatorem
757 3454 834 3511 essa,
855 3431 1082 3518 respondisset.
1104 3435 1203 3499 Nota·

135 3533 230 3596 vitet
250 3535 286 3596 C.
312 3533 460 3613 Ateium,
478 3532 582 3595 virum
606 3533 732 3595 bonum
758 3549 790 3595 et
812 3532 915 3595 civem
938 3533 1123 3623 egregium,
1144 3539 1201 3623 qui

136 3635 181 3699 M.
201 3638 315 3698 Crasso
334 3634 374 3697 ad
394 3634 514 3698 bellum
533 3633 715 3721 parthicum
733 3631 949 3721 proficiscenti
965 3633 1115 3698 tribunus
1132 3637 1201 3724 ple·

135 3737 185 3800 bis
202 3735 460 3800 obnuntiaverat.
483 3736 532 3799 Oh
551 3758 621 3798 cam
638 3757 783 3814 camara,
797 3734 987 3822 subscripsit
998 3758 1130 3819 censor,
1140 3762 1201 3826 po-

127 3837 245 3927 pulum
271 3860 435 3902 romanum
457 3837 670 3901 calamitatem
694 3839 874 3900 maximam
899 3840 1058 3923 accepisse.
1080 3839 1198 3907 Similis

135 3939 296 4020 ejusdem,
314 3939 371 4002 sed
381 3939 513 4019 justior,
530 3939 679 4004 severitas
693 3938 726 4000 iu
742 3960 814 4018 eos,
832 3937 889 4025 qui
905 3937 993 4026 signa
1008 3939 1198 4031 tabulasque

133 4040 175 4105 ad
196 4057 383 4104 ornamenta
400 4064 574 4104 munerum
591 4064 608 4103 a
633 4040 728 4104 sociis
750 4039 904 4118 mutuati,
927 4056 1039 4126 postea
1055 4065 1115 4129 pro
1136 4067 1196 4109 suo

132 4158 342 4206 retinuerant.

166 4292 182 4358 5
193 4295 290 4341 xvut.
301 4294 365 4342 Hirt.
375 4322 405 4329 -
415 4296 470 4343 Sex.
481 4294 539 4342 nus.
554 4292 658 4341 -velt
668 4297 708 4354 11,
720 4295 761 4356 39.
774 4319 810 4329 —
822 4296 923 4342 sueton.
935 4293 961 4339 in
972 4293 1032 4342 eas.
1044 4309 1098 4357 cap.
1109 4295 1150 4341 25.
1160 4322 1195 4334 -

131 4378 234 4443 Eutrop.
249 4377 293 4425 lib.
303 4379 347 4424 vt.
360 4405 394 4414 —
411 4375 512 4442 §le
527 4377 585 4426 Dio.
598 4405 634 4414 -
648 4374 702 4427 Cic.
715 4376 742 4425 in
761 4377 809 4425 aa.
824 4392 878 4440 cap.
895 4375 937 4422 25.
952 4402 987 4412 -
1000 4372 1017 4439 s
1032 4374 1093 4422 XX.
1109 4377 1194 4425 Acron

130 4462 157 4508 in
170 4463 231 4510 Hor.
244 4464 294 4510 Sat.
304 4463 328 4517 Ι,
340 4478 364 4508 a.
383 4488 417 4498 -
431 4461 484 4508 Cic.
501 4463 526 4508 in
540 4460 694 4518 Sallust.;de
705 4460 790 4508 Diria.
802 4463 825 4518 Ι,
838 4459 883 4519 163
896 4457 1069 4514 aestuavi,
1083 4458 1113 4515 8,
1126 4471 1151 4507 et
1163 4459 1195 4507 ad

130 4544 216 4591 Fantil.
226 4545 302 4602 Vlll,
319 4552 357 4599 14.
368 4573 402 4580 —
415 4544 471 4593 Dio.
