2670 5018
336 671 389 737 IN
420 659 540 737 LOC.'
562 669 652 735 LIB.
682 666 769 734 CXI
800 664 1015 738 LIVIANI.
1141 696 1212 767 7¹9

145 790 335 881 'colloquium
352 801 521 853 areanorum
534 812 546 851 .·
559 787 666 878 agitur
682 810 748 851 una
762 791 858 853 etiam
873 791 1044 878 utrinque,
1060 793 1215 879 quemad·

146 877 281 955 modum
298 907 371 955 tuto
392 889 486 979 legati
501 889 629 971 venire,
646 905 695 970 et,
715 910 787 976 quae
806 890 944 971 vellent,
961 914 1123 978 exponere
1136 918 1212 983 pos·

145 1009 228 1056 sent.

188 1093 292 1156 XVII.
306 1090 369 1155 Sed
384 1113 486 1178 quum
498 1091 532 1153 in
543 1092 760 1155 constitutum
772 1093 881 1156 locum
894 1094 929 1158 P.
947 1095 1096 1159 Vatinius
1107 1098 1213 1161 venis·

144 1213 211 1277 set,
227 1210 351 1259 etcum
373 1214 412 1256 eo
435 1193 524 1279 loqui
548 1194 585 1256 T.
606 1192 767 1257 Labienus
786 1195 949 1282 coepisset,
974 1218 1013 1258 ex
1035 1197 1212 1284 improviso

144 1297 204 1360 tela
219 1298 345 1360 suntin
361 1295 529 1358 Vatinium
543 1294 708 1374 conjecta3
723 1316 795 1381 quae
804 1295 1012 1359 ille‘militum
1028 1297 1125 1362 armis
1138 1323 1215 1388 pro·

143 1412 248 1462 tectus
265 1397 400 1462 vitavit:
416 1394 624 1458 centuriones
646 1395 771 1483 aliquot
787 1394 971 1481 militesque
994 1397 1127 1461 Caesaris
1143 1401 1213 1462 vul-

145 1502 243 1564 nerati
261 1515 355 1578 sunt,
377 1498 575 1560 exclamante
596 1496 758 1576 Labieno,
774 1486 943 1559 «Desinite
964 1521 1042 1586 ergo
1063 1498 1105 1562 de
1123 1523 1212 1563 cour·

142 1603 325 1690 «positione
352 1601 442 1687 loqui
465 1622 473 1662 ε
493 1621 567 1661 nam
593 1599 709 1679 nobis,
728 1599 791 1685 nisi
809 1599 913 1661 'relato
937 1601 1069 1663 Caesaris
1088 1602 1210 1689 capite,

142 1727 226 1793 «pax
239 1727 308 1768 esse
321 1703 408 1766 nulla
420 1717 556 1789 potest».
572 1700 691 1764 Iisdem
704 1700 907 1794 temporibus
919 1702 1030 1766 Romae
1043 1703 1077 1765 L.
1094 1702 1213 1766 Coelius

142 1807 246 1871 Rufus
270 1821 404 1893 praetor,
419 1824 586 1865 novarum
610 1824 722 1865 rerum
736 1801 914 1863 materiam
939 1802 1119 1887 quaerebat,
1143 1826 1209 1866 uon

140 1927 250 1969 amore
264 1905 466 1993 reipublicae,
479 1919 536 1965 aut
550 1901 640 1988 quod
651 1925 780 1989 acquum
796 1924 883 1984 esse,
897 1902 988 1989 quod
999 1904 1128 1991 agebat,
1143 1928 1212 1968 cre·

140 2006 250 2089 deret,
263 2005 320 2070 sed
333 2005 447 2069 dolore
463 2019 560 2090 atque
578 2002 800 2092 indignatione
812 2021 939 2086 motus,
953 2006 1117 2095 sicutipse
1132 2031 1211 2071 con·

141 2109 301 2173 fitebatur.
320 2110 429 2173 Homo
446 2122 515 2169 erat
530 2105 661 2191 eloquio
675 2106 850 2192 animoque
862 2105 996 2169 Curioni
1009 2109 1209 2191 simillimus,

139 2210 232 2290 cujus
249 2209 345 2273 etiam
362 2209 517 2296 pellectus
534 2207 689 2278 amicitia,
704 2223 737 2269 et
751 2205 827 2269 odio
845 2208 962 2294 Appii,
977 2231 1075 2294 quem
1089 2210 1209 2275 sciebat

139 2310 172 2372 in
191 2310 324 2376 diversis
343 2309 488 2398 partibus
512 2310 598 2390 fore,
621 2307 661 2372 ad
681 2311 836 2372 Caesarem
855 2308 952 2372 simul
973 2332 1012 2372 ex
1028 2312 1117 2374 Urbe
1133 2336 1209 2400 pro-

139 2414 279 2501 fugerat5
293 2411 394 2498 idque
410 2412 453 2474 ob
469 2411 623 2475 meritum
639 2428 811 2498 praeturam
826 2404 931 2501 nuper
944 2430 1011 2476 erat
1025 2436 1209 2501 consequu-

139 2530 201 2577 tus.
218 2513 281 2577 Sed
296 2514 370 2601 quia
388 2515 424 2576 C.
443 2513 643 2575 Trebonium
659 2529 830 2599 praetorem
848 2512 1011 2576 urbanum
1029 2536 1098 2577 non
1118 2538 1207 2597 sors,

138 2614 195 2678 sed
220 2616 325 2679 Caesar
350 2615 520 2694 ellecerat,
550 2614 704 2677 omnibus
727 2615 761 2676 in
788 2614 885 2676 rebus
910 2615 956 2677 illi
983 2638 1017 2678 se
1041 2638 1208 2703 opponere

137 2717 285 2782 instituit.
312 2716 382 2782 Nisi
408 2717 493 2780 forte
516 2716 617 2779 homo
639 2714 898 2804 ingeniosissime
923 2738 1088 2803 nequam,
1117 2721 1208 2804 quasi

136 2819 356 2884 honestiorem
368 2820 453 2883 hanc
467 2841 594 2882 causam
613 2818 797 2906 praetexuit,
811 2819 920 2905 potius
937 2818 1008 2881 acris
1024 2820 1120 2907 alieni
1140 2844 1207 2884 ma·

136 2921 325 3009 gnitudine,
344 2937 382 2983 ut
404 2922 455 2984 alii
480 2921 593 2998 multi,
616 2919 656 2982 ad
671 2942 722 2981 res
740 2918 905 2982 novandas
918 2919 1095 3006 impulsus,
1116 2921 1205 3007 quod

137 3022 254 3084 servari
268 3043 302 3085 se
314 3044 409 3109 posse
424 3023 456 3084 in
472 3022 540 3084 otio
557 3020 757 3108 desperabat.

179 3122 300 3186 XVIII.
319 3121 444 3185 Idcirco
466 3121 619 3183 tribunali
636 3120 725 3198 juxta
742 3120 851 3182 sellam
874 3123 909 3182 C.
928 3121 1083 3183 Trebonii
1104 3123 1205 3185 collo·

135 3239 225 3303 cato,
243 3224 267 3286 si
285 3224 358 3310 quIs
374 3222 580 3310 appellasset,
597 3222 716 3284 auxilio
732 3223 802 3283 fore
820 3222 1032 3308 pollicebatur
1048 3221 1205 3287 debitori-

136 3325 208 3388 bus.
225 3323 289 3389 Sed
299 3324 375 3410 quia
391 3323 575 3386 Trebonius
589 3322 679 3401 juxta
692 3322 825 3386 Caesaris
836 3323 1011 3386 constituta
1020 3324 1204 3405 judicabat,

134 3448 360 3514 summamque
384 3426 418 3487 in
443 3426 597 3488 omnibus
617 3426 800 3511 aequitatem
826 3440 923 3510 atque
948 3425 1204 3492 moderationem

133 3528 325 3608 adhibebat,
342 3550 439 3591 nemo
452 3543 599 3614 repertus
613 3542 678 3606 est,
695 3527 752 3613 qui
765 3527 925 3615 appellare
939 3527 1045 3590 vellet.
1059 3528 1102 3592 Iis
1116 3531 1202 3593 enim

133 3630 334 3719 temporibus
353 3627 503 3692 nondum
522 3644 610 3692 tanta
629 3629 802 3714 quisquam
821 3645 889 3690 erat
907 3627 1129 3716 impudentia,
1147 3649 1204 3713 ut,

133 3753 235 3817 quum
253 3754 287 3794 se
301 3729 420 3794 debere
434 3729 605 3809 fateretur,
621 3729 760 3818 integras
774 3747 885 3793 tenere
898 3730 1117 3816 possessiones
1129 3757 1203 3797 suas

131 3832 320 3917 postularet.

175 3934 266 3997 XIX.
284 3931 411 3996 Idcirco
427 3932 563 4014 Coelius,
583 3955 625 3994 ne
641 3933 724 3995 nihil
741 3932 885 3996 effecisse
899 3931 1080 4026 videretur,
1099 3935 1201 4022 legem

130 4035 366 4123 promulgavit,
397 4035 530 4097 sexenni
554 4032 627 4114 die,
656 4035 726 4098 sine
748 4034 877 4115 usuris,
904 4034 1032 4098 creditae
1058 4037 1202 4123 pecunia

165 4270 268 4335 §XVL
286 4270 366 4319 Strab.
381 4271 425 4320 lib.
440 4272 504 4319 x111
511 4306 517 4330 ,
531 4288 556 4335 p.
568 4271 665 4331 617,ct
678 4271 744 4319 alibi.
760 4299 793 4307 -
812 4274 872 4321 Caes.
889 4273 953 4338 —S
973 4273 1055 4319 XVII.
1070 4273 1123 4319 Liv.
1137 4275 1201 4336 Epir.

130 4381 164 4389 ·
180 4355 231 4403 cte.
242 4355 273 4402 ad
283 4354 367 4402 Famil.
376 4357 451 4411 VIII,
464 4370 503 4412 17.
514 4355 623 4403 -Vett
636 4357 675 4410 11,
698 4357 740 4403 ot.
757 4383 790 4392 —
807 4357 871 4412 Dio,
884 4354 927 4404 llb.
938 4357 1018 4403 xttt.
1033 4353 1094 4417 ”S
1109 4358 1204 4402 XVIII.

130 4438 191 4484 Cas.
