2670 5018
264 793 315 860 IN
346 791 461 858 LOC.
487 791 577 856 LIB.
605 792 707 858 XCV
738 794 952 862 LIVIANI.
1068 798 1135 895 ⁴187

80 944 93 967 ι
104 913 215 999 ltilque
231 911 294 975 dici
311 911 378 974 seio
397 933 415 973 a
430 909 544 992 vobis,
562 933 659 997 quam
676 912 717 975 ab
730 913 853 999 optimo
871 915 999 996 animo,
1014 919 1141 984 verissi-

80 1044 93 1069 α
103 1036 223 1101 moque
237 1015 356 1076 affectu
370 1014 564 1100 profectum.
581 1012 645 1076 Sed
660 1014 825 1078 interdum
842 1016 911 1079 haee
925 1017 1010 1104 ipsa,
1028 1044 1141 1107 quam·

82 1115 182 1178 ·libet
202 1114 338 1177 omnino
360 1128 438 1176 sunt
454 1114 731 1200 praestantissima,
749 1116 844 1180 bonis
857 1119 997 1181 consiliis
1015 1121 1141 1188 obstre-

82 1229 204 1302 «punt,
221 1216 348 1302 quoties
368 1213 490 1301 aliquid
511 1214 544 1277 in
565 1216 704 1302 speciem
726 1218 944 1304 periculosum
958 1223 1076 1310 suscipi
1092 1248 1142 1290 res

83 1319 209 1405 «cogit,
226 1317 325 1381 timor
342 1332 451 1380 vetat:
471 1315 610 1403 ideoque
626 1318 659 1380 in
676 1320 864 1405 praesentia,
883 1344 985 1408 quum
1000 1340 1142 1391 restrum

83 1420 248 1483 «animum
265 1435 297 1483 et
313 1419 469 1507 probem,
494 1433 526 1483 et
541 1433 579 1481 ut
597 1441 673 1484 eum
688 1442 815 1508 semper
837 1422 917 1485 milri
936 1425 1142 1511 custodiatis,

83 1522 192 1586 «enise
210 1538 339 1610 petam,
358 1544 377 1583 a
393 1520 551 1583 sententia
569 1535 677 1583 tamen
701 1537 805 1584 vestra
829 1521 980 1587 dissideo.
1003 1525 1144 1611 Videtis,

84 1645 141 1686 «ea
155 1645 245 1686 nunc
264 1646 333 1687 esse
349 1639 494 1709 tempora
511 1644 600 1701 mea,
617 1637 655 1684 ut
670 1621 803 1686 evadere
818 1624 958 1711 pericula
971 1647 1039 1689 non
1053 1628 1144 1693 aliter

84 1754 97 1778 ι
107 1723 165 1786 nisi
180 1725 325 1811 periculo
341 1723 473 1810 possim.
931 1801 933 1805 Ι

126 1826 278 1890 XXVIII.
299 1825 448 1904 «Nemo,
469 1825 605 1911 opinor,
626 1825 660 1887 in
683 1824 746 1887 hoc
762 1841 833 1890 toto
851 1828 982 1916 negotio
999 1831 1078 1894 milri
1098 1849 1145 1896 te·

86 1930 283 1991 «meritatem
308 1926 501 2014 imputabit:
519 1926 737 2013 paratissimus
764 1950 865 2013 quum
890 1951 992 1991 essem
1013 1931 1053 1994 ad
1076 1933 1144 1997 bel-

86 2030 187 2112 ·lum,
200 2046 307 2093 tamen
318 2029 435 2091 iterum
449 2028 631 2113 iterumque
644 2025 863 2108 consideravi,
878 2031 1000 2111 restiti,
1015 2031 1143 2115 distuli,

87 2128 211 2193 «donec
236 2129 322 2217 apud
349 2151 461 2192 omnes
479 2143 660 2207 constaret,
678 2127 798 2189 bellum
820 2131 1037 2214 opportunius
1059 2135 1144 2197 sumi

86 2260 96 2283 ιι
106 2253 169 2294 non
184 2231 338 2319 potuisse.
359 2231 479 2292 Tamen
498 2251 621 2316 magnae
635 2251 687 2290 me
705 2229 897 2291 calamitates
911 2247 942 2293 et
959 2230 1144 2298 discrimina

85 2330 409 2421 «deprehenderunt,
429 2330 467 2392 iis
486 2351 603 2416 nempe
621 2329 700 2407 viis,
725 2352 805 2414 quas
829 2352 939 2393 cavere
955 2349 1011 2395 aut
1034 2335 1144 2396 occlu-

85 2433 177 2498 ‹dere
199 2456 296 2496 nemo
319 2432 502 2496 mortalium
525 2445 629 2516 queat.
657 2431 748 2516 lpsos
765 2429 845 2491 mihi
865 2429 943 2494 deos
961 2431 1143 2499 adversatos

85 2559 192 2616 ·esse,
216 2534 324 2613 scitis,
342 2557 444 2621 quum
472 2530 617 2594 Rhodios
643 2530 722 2610 Isis,
751 2531 927 2618 Cyzicenos
952 2532 1144 2621 Proserpina

86 2636 335 2714 «defenderent3
358 2657 459 2721 quum
475 2634 647 2720 Neptunus
664 2633 778 2695 classes
795 2656 881 2695 meas
901 2636 1143 2721 tempestatibus

87 2752 358 2825 ·persequeretur.
382 2735 445 2798 Sed
467 2734 527 2796 erit
548 2733 662 2819 aliquis
680 2734 800 2797 irarum
824 2734 959 2815 modus,
978 2752 1028 2817 et,
1053 2738 1144 2824 quod

88 2862 122 2900 ua
136 2839 273 2926 pueritia
288 2861 371 2923 saepe
388 2837 467 2898 milri
484 2836 637 2922 contigit,
651 2857 790 2922 praesens
804 2836 929 2898 vexatio
948 2837 1068 2916 majore
1085 2839 1143 2902 ali-

88 2964 170 3027 ·quo
186 2940 318 3027 praemio
335 2937 542 3024 pensabitur:
563 2959 623 2998 neo
640 2936 725 2998 enim
745 2936 923 2999 frustranea
943 2959 1069 3024 semper
1083 2939 1143 3004 erit

88 3041 173 3105 «haec
188 3041 353 3129 diligentia
367 3037 493 3101 colendi
510 3037 606 3116 deos,
625 3060 689 3123 qna
706 3037 828 3098 nemini
845 3036 1022 3100 concedere
1036 3039 1144 3120 soleo,

88 3159 261 3231 ·perpetuo
274 3164 399 3204 meeum
412 3140 534 3202 habens
547 3138 708 3225 sapientiae
720 3159 951 3223 sacrorumque
961 3138 1141 3225 magistros.

128 3245 247 3307 XXIX.
261 3275 273 3297 a
286 3241 382 3323 Quod
394 3243 420 3304 si
432 3241 596 3303 decretum
607 3238 648 3302 de
657 3261 708 3302 me
719 3254 782 3318 est,
793 3238 925 3324 hoecque
937 3241 1061 3324 superis
1073 3261 1144 3301 sen·

87 3345 202 3407 ‹tentia
220 3343 325 3422 sedit,
349 3359 387 3405 ut
409 3364 599 3429 oppressum
619 3340 828 3424 deletumque
847 3339 968 3416 velint3
992 3354 1024 3400 at
1045 3361 1143 3425 opera

87 3445 253 3525 «dabitur,
269 3463 307 3508 ut
323 3443 521 3532 impavidum
536 3443 685 3505 obruant.
704 3439 766 3503 Sed
783 3438 865 3501 absit
879 3441 991 3501 omen!
1012 3455 1044 3502 et
1057 3439 1144 3504 bona

89 3549 214 3633 «potius
229 3570 285 3633 spe
297 3547 445 3632 votisque
461 3568 513 3608 me
527 3541 784 3631 prosequarnini3
800 3562 873 3601 nam
889 3554 921 3601 et
935 3539 1015 3601 mihi
1028 3563 1143 3633 praesa-

87 3648 151 3733 «git
169 3647 315 3727 animus,
333 3646 396 3707 hoc
413 3645 492 3708 mihi
510 3667 576 3706 non
593 3644 633 3707 ad
649 3642 853 3706 securitatem
868 3639 968 3703 modo
985 3641 1066 3722 iter,
1086 3643 1143 3706 sed

86 3749 200 3811 «etiam
213 3747 254 3811 ad
267 3746 428 3835 augendas
443 3768 520 3832 opes
534 3744 657 3807 aditum
670 3743 750 3806 fore.
764 3741 897 3804 Seleuco
911 3740 984 3803 satis
996 3741 1142 3824 conlid03
1229 3746 1231 3751 ⁴

86 3849 177 3934 «plus
195 3850 291 3911 etiam
315 3848 495 3911 Lamacho:
520 3868 625 3930 neque
643 3844 797 3930 dispicio,
826 3842 992 3928 quomodo
1017 3865 1143 3930 sperare

85 3950 224 4030 «majora
238 3951 279 4013 ab
294 3949 447 4012 Romanis
465 3946 583 4034 proditi
602 3946 681 4025 mei,
698 3967 794 4032 quarn
812 3966 830 4006 a
846 3965 898 4006 me
916 3946 1049 4025 servati,
1064 3970 1143 4033 pree·

84 4050 169 4113 «mia
183 4054 319 4140 possint.
339 4050 400 4113 Sed
416 4066 448 4112 et
461 4049 601 4136 populus
617 4044 828 4108 heracleensis
845 4044 889 4107 ita
907 4061 955 4108 est
970 4045 1143 4127 alienatus,

84 4170 140 4216 -ut
163 4152 323 4242 quidlibet
346 4152 473 4239 potius,
494 4172 590 4234 quam
615 4169 785 4210 romanum
808 4144 999 4233 imperium,
1019 4148 1142 4211 laturus

83 4253 259 4317 «videatur.
273 4284 285 4308 a

117 4465 133 4528 §
144 4466 268 4512 XXVIII.
279 4466 406 4510 Memnon.
418 4489 450 4497 -
462 4460 565 4537 Ptolem,
572 4459 604 4516 V,
619 4474 639 4503 t.
651 4484 684 4496 ·-
694 4455 709 4520 S
718 4459 815 4504 XXIX.
825 4456 888 4504 Plut.
899 4483 933 4493 -·
943 4458 1065 4513 Orost’l,
1077 4458 1101 4502 5.
1110 4484 1144 4493 -

85 4549 191 4614 Appiam
201 4546 316 4596 Mithrid.
