2670 5018
150 755 218 826 260
330 759 399 822 Jo.
426 723 759 831 raatnsnmn
789 752 1030 821 senecen.

148 879 372 962 profectusque
396 876 429 936 in
445 872 594 953 Sabinos,
607 871 748 961 singulas
761 893 862 959 prope
873 886 1003 952 noctes,
1020 893 1204 961 quanquam

151 977 266 1039 morbo
282 991 445 1062 quartanae
461 990 670 1062 aggravante,
687 972 825 1037 latebras
842 987 966 1036 mutare
981 991 1162 1063 cogeretur.

195 1078 298 1140 XXII.
314 1076 365 1138 Sic
378 1095 511 1162 quoquc
525 1072 745 1162 deprehensus
756 1094 774 1136 a
786 1072 939 1136 Cornelio
951 1073 1100 1163 Phagitae,
1111 1076 1206 1141 Sullas

149 1179 280 1256 liberto,
298 1176 348 1238 rix
364 1175 496 1262 praemio
516 1173 591 1237 dato
607 1173 716 1238 evasit.
731 1174 903 1267 ¹Postremo
920 1197 979 1262 per
993 1175 1132 1264 virgines
1143 1176 1205 1240 Ve-

147 1279 257 1357 stales,
274 1294 305 1339 et
322 1278 521 1339 Mamercum
537 1274 724 1355 AEmiliutn,
738 1290 771 1338 et
786 1275 953 1340 Aurelium
970 1278 1118 1358 Cottam,
1133 1300 1205 1364 pro·

148 1381 286 1467 pinques
312 1394 344 1440 et
366 1376 477 1440 affines
500 1398 597 1452 suos,
620 1378 748 1440 veniam
769 1376 970 1463 impetrari13
994 1376 1052 1440 diu
1071 1376 1220 1465 quidem,

145 1496 343 1568 repugnante
352 1478 438 1540 Sulla
452 1526 461 1560 ,
477 1493 526 1557 et,
538 1493 578 1540 ut
585 1493 652 1541 crat
667 1478 887 1567 sagacissimus
901 1477 1108 1566 ingeniorum
1121 1502 1202 1544 cou-

142 1583 261 1660 jector,
280 1580 393 1642 multos
408 1582 438 1642 ei
447 1600 547 1667 puero
565 1581 658 1642 mese
677 1580 800 1642 Marios
822 1594 967 1642 testante.
991 1579 1069 1643 Post
1088 1581 1201 1645 merita

117 1681 120 1685 ’
146 1680 263 1744 deinde
281 1680 342 1743 sub
360 1679 504 1743 Thermo
522 1694 555 1743 et
577 1679 719 1743 Isaurico
743 1677 920 1766 stipendia,
944 1701 1045 1766 quum
1065 1680 1199 1745 Romam

143 1800 228 1845 esset
245 1803 410 1860 reversus,
427 1780 613 1844 Cornelium
634 1780 831 1843 Dolabellam
854 1781 1072 1861 consularem,
1088 1782 1144 1869 qui
1161 1805 1200 1846 ex

146 1883 332 1946 Macedonia
354 1883 450 1968 paulo
472 1897 546 1945 ante
570 1881 842 1969 triumphaverat,
862 1903 990 1944 summo
1012 1881 1122 1947 favore
1137 1904 1198 1971 po-

143 1985 230 2069 puli,
248 1983 342 2044 tertio
352 1998 384 2045 et
392 1982 544 2047 vicesimo
561 1981 662 2046 aetatis
677 2004 764 2045 anno
779 1981 966 2068 postulavit,
985 2004 1197 2071 magnamque

145 2085 265 2172 ingenii
280 2100 311 2146 et
333 2081 490 2146 facundie
512 2082 638 2147 laudem
658 2082 793 2169 adeptus
813 2098 879 2164 est;
898 2104 1084 2170 quanquam
1100 2085 1197 2149 Dola·

144 2184 223 2246 bella
241 2208 332 2263 rcus,
351 2184 391 2264 Q.
409 2183 602 2264 Hortensio,
624 2186 660 2248 C.
680 2185 775 2247 Cotta
789 2181 1038 2247 defendentibus
1052 2184 1196 2250 absolve·

143 2303 251 2364 retur,
275 2301 429 2371 querente
453 2287 596 2363 Caesare,
618 2287 798 2372 extorqueri
818 2286 880 2347 sibi
898 2308 1027 2349 caesam
1050 2289 1196 2374 optthtam

144 2388 243 2449 Cottae
252 2390 439 2473 patrocinio.

186 2488 308 2549 XXIII.
338 2488 419 2549 Nam
450 2486 590 2550 haerebat
615 2486 804 2550 criminibus
828 2487 1077 2575 repetundarum
1103 2490 1198 2555 Dola·

144 2588 240 2663 bella,
260 2589 509 2672 frequentesque
523 2587 666 2650 civitates
687 2587 816 2650 Gracciae
831 2588 1054 2652 testimonium
1071 2590 1105 2653 iu
1123 2613 1196 2655 eum

142 2685 296 2747 dixerant.
318 2687 402 2772 Ergo
418 2684 614 2749 declinandae
636 2687 763 2750 invidiae
783 2710 896 2768 causa,
917 2689 1012 2752 simul
1035 2706 1071 2753 ut
1089 2692 1196 2755 claris·

141 2786 223 2845 simo
244 2784 371 2846 dicendi
395 2784 546 2872 magistro
563 2785 652 2851 daret
669 2809 817 2874 operam,
833 2789 985 2853 Rhodum
1003 2790 1043 2854 ad
1065 2792 1195 2879 Apollo·

142 2886 230 2945 nium
258 2884 397 2945 Molonis
424 2886 650 2970 profecturus,
675 2888 760 2976 apud
788 2889 1033 2955 Pharmacusam
1061 2892 1195 2958 insulam

141 2983 261 3067 (hodie
285 2985 470 3047 Parciorem
493 2989 631 3072 vocant)
648 3012 666 3052 a
681 2989 790 3077 piratis
813 3008 924 3078 captus
946 3010 1003 3057 cst.
1025 2994 1116 3058 Inter
1137 2995 1195 3060 hos

140 3108 213 3146 cum
237 3106 304 3145 uno
325 3084 449 3147 medico
474 3102 507 3150 et
531 3088 734 3152 cubiculariis
760 3089 906 3171 duobus,
926 3115 983 3179 per
1006 3092 1074 3157 dies
1095 3093 1194 3159 senne

140 3185 349 3273 quadraginta
379 3187 545 3273 (reliquus
569 3189 655 3252 enim
678 3190 811 3253 comites
836 3213 1008 3280 servosque
1034 3193 1075 3259 ad
1096 3218 1194 3282 pecu·

141 3290 228 3367 nias,
245 3288 363 3373 quibus
381 3287 610 3369 redimeretur,
624 3290 836 3378 expediendas
849 3291 1029 3381 dimiserat)
1045 3296 1115 3360 heri
1129 3319 1194 3362 ma·

140 3392 203 3476 gis,
221 3412 316 3476 quam
332 3391 463 3475 captivi,
481 3391 590 3454 animo
605 3413 643 3454 ac
658 3390 844 3478 dignatione
857 3412 1010 3460 versatur.
1027 3397 1077 3461 Ne
1091 3400 1194 3488 suspi-

139 3493 264 3554 cionem
286 3491 382 3552 uIIam
402 3489 607 3576 praedonibus
630 3490 740 3572 daret,
761 3495 786 3557 si
806 3494 941 3581 quidex
961 3496 1056 3559 solito
1072 3514 1192 3564 muns·

141 3607 205 3669 set,
220 3592 375 3653 calceatus
390 3591 578 3678 cinctusque
592 3609 703 3656 noctes
715 3616 752 3656 ac
767 3593 835 3658 dics
851 3597 1035 3683 permansit.

186 3693 302 3755 XXIV.
328 3693 446 3779 Viginti
475 3692 591 3757 talenta
616 3693 724 3780 piratae
749 3696 1010 3781 postulaverant:
1034 3697 1086 3762 ille
1108 3698 1192 3764 deri·

141 3792 239 3872 dens,
256 3810 291 3855 ut
308 3797 455 3880 ignaros,
474 3816 573 3880 quem
588 3811 753 3875 tenerent,
771 3798 1001 3887 quinquaginta
1019 3801 1194 3889 spopondit

140 3891 300 3958 daturum.
320 3895 401 3975 Quae
422 3916 547 3957 summa
565 3912 735 3984 postquam
756 3920 794 3960 ex
812 3898 939 3984 publica
956 3899 1120 3966 civitatum
1135 3925 1191 3991 pe·

138 3992 231 4052 cunia
249 3995 394 4055 confecta
409 4010 475 4073 est,
492 3996 654 4081 expositus
669 3998 701 4060 in
720 3997 829 4078 litore,
846 3997 1031 4080 obsidibus,
1049 4024 1131 4088 quos
1145 4003 1190 4067 ci·

139 4091 288 4153 vitatibus
302 4093 409 4177 piratae
424 4092 593 4177 dederant,
608 4097 758 4178 redditis,
777 4099 941 4179 Miletum,
960 4124 1031 4187 quat
1048 4104 1190 4189 proxime

171 4273 187 4335 5
201 4276 283 4319 XXII.
299 4275 361 4320 Plut.
376 4301 408 4312 ψ-
425 4277 525 4322 Sueten.
539 4303 571 4312 —
586 4279 637 4327 Cic.
650 4280 676 4326 in
691 4281 772 4329 Pison.
788 4297 841 4345 cap.
856 4296 895 4342 ¹9·
915 4310 948 4318 -
959 4283 1025 4332 vett.
1037 4285 1076 4337 Π,
1096 4284 1138 4338 43.
1156 4309 1189 4320 --

139 4358 205 4421 etgh.
219 4357 305 4403 Annal.
319 4383 351 4394 ψ
363 4359 435 4404 Anca.
449 4357 479 4404 de
491 4359 569 4408 causis
582 4377 644 4410 corr.
658 4365 727 4426 Eloq.
738 4381 791 4429 cap.
805 4367 846 4421 34.
858 4393 891 4404 -
899 4367 955 4416 Val.
967 4368 1187 4430 atax.vt11‚9,t.

136 4470 169 4477 -
185 4440 199 4502 §
218 4441 313 4486 XXIII.
332 4440 383 4486 Cic.
401 4440 426 4486 in
440 4442 522 4489 Bruto.
537 4471 570 4482 -·-
584 4444 647 4493 Plat.
663 4474 697 4483 -
716 4448 815 4497 Sueten.
834 4449 939 4498 -t'ett
959 4453 995 4508 Il,
1014 4459 1054 4506 ιι.
1067 4450 1187 4500 -Valctt

136 4514 202 4558 Max.
213 4513 260 4561 vt.
274 4526 296 4570 9.
