2670 5018
165 802 233 868 10.
257 797 455 868 Fltltltts.
477 797 613 866 SUPP.
636 799 691 866 IN
718 799 830 866 LOC.
853 800 946 867 LIB.
969 803 1047 870 XC.
1082 798 1152 870 2¹3

92 918 281 1000 dominatio,
293 933 400 981 morte
410 915 510 1007 ipsius
531 899 625 1006 plane
637 917 801 981 exstincta.
815 916 951 982 Morbus
966 919 1074 1010 igitur,
1085 944 1153 1009 quo

92 1020 176 1084 Sulla
188 1018 305 1107 periit,
328 1019 462 1082 minime
488 1019 670 1082 eommunis
686 1020 762 1100 fati,
783 1017 840 1082 sed
860 1018 1029 1108 singularis
1044 1022 1152 1101 cujru·

92 1120 164 1185 dam
181 1119 336 1184 foeditatis
349 1135 447 1206 atque
460 1120 608 1206 supplicii
622 1121 700 1200 fuit,
716 1119 967 1186 exuberantibus
978 1122 1154 1210 pediculis,

93 1238 146 1304 ut,
168 1223 227 1311 qui
242 1238 293 1285 tot
310 1221 409 1285 millia
429 1221 548 1285 civium
565 1222 760 1311 cognatique
780 1222 946 1310 sanguinis
965 1223 1155 1306 bominum,

93 1323 245 1388 inauditis
259 1322 454 1387 cruciatibus
467 1323 672 1412 peremisset,
690 1321 834 1402 ejusdem
850 1339 956 1407 artus,
969 1325 1058 1389 velut
1073 1325 1155 1390 inte-

94 1426 177 1489 stino
194 1425 298 1505 bello,
311 1423 352 1488 ab
365 1424 437 1505 illo,
454 1446 551 1514 quem
568 1440 763 1513 genuerant,
778 1423 1047 1488 animalculorum
1064 1449 1156 1490 exer·

96 1528 160 1591 citu
174 1525 404 1613 diriperentur.

133 1629 178 1693 11.
204 1629 262 1692 Est
274 1628 361 1692 enim
373 1626 521 1715 prefecto
536 1627 642 1707 Deus,
663 1627 720 1714 qui
737 1647 904 1713 nunquam
920 1625 1056 1714 impune
1067 1650 1158 1714 sper·

96 1730 200 1811 nitur,
217 1745 251 1792 et
271 1727 346 1792 licet
364 1728 544 1793 acerbiores
562 1748 673 1815 poenas
689 1727 722 1790 in
739 1726 828 1791 eliud
845 1748 948 1791 aarum
961 1727 1161 1807 justissimus

93 1830 190 1913 judex
202 1830 397 1919 seposuerit,
410 1829 500 1918 quod
511 1827 634 1893 includi
642 1829 810 1916 presentis
817 1827 971 1917 angustiis
978 1843 1160 1916 nequeant,
1239 1842 1245 1853 “
1310 1856 1315 1864 ·

96 1953 177 2020 sepe
198 1947 308 1997 tamen
326 1930 509 1995 viventibus
527 1929 682 2018 proponit
695 1929 869 2017 spectanda
884 1929 1056 1993 noxiorum
1070 1945 1158 1994 tanta

96 2032 271 2122 supplicia,
283 2047 340 2112 ut,
359 2032 386 2095 si
403 2031 484 2096 nibil
500 2031 652 2118 deinceps
669 2028 850 2096 timendum
861 2029 963 2111 foret,
978 2029 1031 2095 rel
1042 2028 1093 2094 bis
1104 2027 1160 2094 de·

97 2134 210 2199 berent
227 2156 246 2197 a
263 2131 427 2221 peecando
444 2131 609 2197 deterreri.
623 2131 842 2198 Dissimularit
858 2146 965 2194 tamen
980 2140 1159 2218 utcumque

97 2235 170 2299 mali
195 2257 330 2299 sensum
350 2233 415 2314 jam
440 2256 507 2297 non
529 2234 604 2298 felix
628 2233 735 2314 Sulla,
755 2247 872 2321 etque
890 2248 1037 2297 avocaret
1055 2255 1073 2295 a
1091 2247 1157 2297 tam

98 2338 179 2402 tristi
194 2336 390 2426 cogitatione
409 2335 573 2416 animum,
594 2335 628 2398 in
645 2334 805 2422 quaslibet
822 2334 1048 2423 occupationes
1065 2334 1159 2398 ineu·
1194 2334 1198 2351 '

97 2438 178 2501 buit.

137 2537 199 2600 111.
226 2535 357 2623 Quippe
379 2535 507 2600 decisam
527 2553 603 2600 ente
624 2559 791 2601 excessum
814 2536 883 2618 die,
906 2536 1158 2601 Puteolanorum

97 2635 354 2701 dissensionibus
369 2637 573 2725 compositis,
597 2637 683 2727 leges
704 2637 848 2727 scripsit,-
868 2636 988 2726 quibus
1007 2635 1162 2726 deinceps

98 2753 278 2802 uterentur.
297 2739 418 2802 Rerum
439 2761 572 2802 suarum
595 2738 830 2827 componendis
851 2739 1096 2803 Commentariis
1109 2737 1159 2803 bi·

97 2837 180 2918 duo,
195 2838 387 2927 priusquam
404 2838 594 2919 decederet,
611 2862 742 2928 operam
759 2858 925 2929 postremo
943 2839 1051 2921 dedit,
1069 2840 1161 2904 alteri

98 2953 129 3002 et
140 2937 297 3004 vicesimo
307 2940 391 3004 libro
405 2940 619 3004 immortuus:
634 2941 667 3004 in
680 2965 719 3006 eo
729 2942 894 3009 Chaldaeos
906 2942 967 3006 sibi
977 2942 1163 3031 praedixisse

99 3039 265 3122 narrabat,
280 3041 339 3105 ubi
357 3041 458 3131 gloria
475 3041 629 3106 invidiam
642 3043 787 3124 vicisset,
801 3045 835 3109 in
849 3042 978 3107 siunmo
995 3041 1075 3106 flere
1090 3043 1160 3123 feli,-

99 3142 202 3207 eitatis
221 3165 292 3207 esse
313 3142 503 3208 obiturum:
522 3144 682 3234 itemque,
703 3145 867 3209 somnium
880 3144 1047 3234 praeterita
1063 3160 1160 3208 nocte

101 3240 164 3304 sibi
178 3242 342 3326 oblatum,
356 3267 414 3333 per
428 3244 518 3332 quod
534 3243 669 3309 filiolum
683 3268 798 3323 suum,
811 3263 887 3310 aute
898 3246 1059 3329 Metellam
1072 3268 1161 3308 mor·

103 3357 216 3424 tuum,
233 3344 342 3410 videre
361 3346 448 3408 risus
470 3362 572 3429 esset,
595 3347 807 3434 appellantem
829 3370 886 3429 se,
907 3347 1161 3433 jubentemque,
1249 3408 1252 3413 .

100 3445 187 3508 curis
209 3446 354 3528 omissis,
374 3447 420 3510 ire
439 3470 549 3511 secum
566 3446 607 3511 ad
623 3465 777 3530 matrem,
793 3448 851 3511 ubi
871 3470 946 3513 cum
959 3470 996 3510 ea
1007 3447 1041 3508 in
1054 3446 1161 3532 quiete

101 3561 133 3607 et
151 3546 220 3610 otio
236 3545 378 3636 degeret.

143 3646 198 3711 1v.
214 3648 391 3730 Postridie,
404 3673 509 3736 quum
521 3647 555 3714 id
569 3652 734 3714 somnium
743 3651 853 3714 amicis
868 3663 1057 3728 enarrasset,
1069 3662 1163 3712 testa·

101 3747 202 3811 menti
220 3746 346 3815 tabulas
365 3751 508 3815 confecit
530 3751 799 3840 obsignaritque:
816 3774 893 3814 mox
915 3749 977 3814 sub
996 3771 1162 3838 vesperam

103 3847 269 3929 nuntbto,
287 3849 446 3917 Granium
463 3851 656 3938 quemdam,
672 3853 853 3941 puteolana
870 3849 1054 3939 reipublice
1069 3849 1161 3916 debi-

104 3961 224 4031 torem,
241 3966 382 4017 mortem
398 3952 467 4032 ejus
481 3969 679 4042 exspectare,
697 3977 739 4017 ne
755 3952 910 4035 solveret3
923 3953 1025 4018 accito
1036 3951 1163 4017 bomini

103 4048 136 4111 in
149 4051 339 4116 cubiculum
355 4076 374 4119 a
391 4055 536 4136 famulis,
554 4056 735 4143 intorqueri
752 4056 875 4136 fauces,
894 4077 961 4118 non
972 4054 1051 4129 ¹sine
1067 4055 1165 4119 rehe-

104 4154 202 4215 menti
218 4153 360 4217 clamore
378 4171 410 4219 et
430 4156 574 4244 eorporis
585 4155 757 4235 jactatione
773 4156 877 4240 jussit.
893 4156 944 4220 Ab
957 4155 1018 4219 hae
1033 4171 1169 4220 conten-

136 4380 152 4446 s
167 4385 188 4432 1.
199 4384 232 4431 11.
247 4384 276 4430 (l.
292 4385 358 4444 ⁶7⁴3
372 4387 402 4432 A,
413 4389 440 4436 C.
454 4387 496 4448 7⁸·
512 4413 546 4424 -
566 4385 663 4436 Sallust.
673 4387 737 4437 ute.
748 4390 774 4446 1,
790 4402 813 4436 a.
826 4414 859 4424 -
871 4388 924 4439 biv.
935 4385 1001 4451 Epit.
1013 4412 1047 4423 -
1057 4381 1164 4448 Appias.

105 4463 155 4512 etv.
168 4464 582 4520 tib.1.-t·scit.tnn.tib.1.-
595 4469 719 4519 Plutarch.
731 4473 757 4518 in
769 4470 851 4528 Sulla,
863 4487 918 4534 cap.
928 4484 969 4529 τι.
986 4496 1021 4506 -
1034 4465 1168 4520 Plio-Vll·

108 4544 146 4598 ts.
157 4574 193 4585 -
205 4548 222 4613 ς
236 4551 268 4597 n.
283 4540 407 4599 sinist-t.
420 4578 453 4589 -
469 4552 540 4617 §1¹¹-
553 4553 614 4602 min.
625 4580 659 4591 -
671 4552 795 4602 erueret.
812 4580 846 4591 -
860 4553 968 4617 Appen.
