2670 5018
1038 416 1044 433 Ι

1039 438 1045 447 ι

139 739 439 761 ΜὶΜΜὶΜΜ
444 737 1171 772 ΜΜδἊΜΜΜΜΜΜ

253 969 543 1061 JOANNIS
580 964 1054 1060 FREINSHEMII

174 1217 1135 1357 SUPPLEMENTORUM

355 1452 977 1626 arrianorum

477 1756 839 1903 LIBERIXLIX

258 1968 305 2022 1n
334 1966 492 2023 nocuu
517 1945 640 2023 nrum
666 1968 842 2024 Lxxxw
867 1971 1055 2026 nrvmm.

468 2200 860 2235 *W

540 2422 782 2489 EPITOME

317 2589 451 2646 LIBRI
481 2589 782 2646 OCTOGESIMI
813 2591 1005 2660 QUARTI.

134 2731 195 2782 Sulla
210 2729 322 2801 legatis,
336 2729 383 2800 qui
393 2748 407 2781 a
419 2740 510 2782 senatu
523 2729 596 2782 missi
610 2741 701 2794 erant,
716 2730 834 2782 futurum
847 2749 875 2783 se
889 2730 917 2782 in
932 2741 1059 2802 potestate
1071 2742 1192 2795 senatus,

165 2813 314 2884 respondit,
329 2815 350 2865 si
367 2814 452 2878 cives,
469 2813 516 2885 qui
533 2814 602 2884 pulsi
622 2833 637 2864 a
653 2814 738 2866 Cinna
757 2814 792 2866 nd
811 2832 839 2866 se
862 2816 1053 2886 confugerant,
1070 2814 1191 2866 restitue·

164 2911 275 2952 rentur:
291 2916 350 2968 qnae
369 2897 487 2951 conditio
505 2917 589 2968 quum
605 2901 675 2969 justa
696 2898 798 2950 senatui
814 2897 961 2961 videretur,
982 2916 1030 2970 per
1045 2898 1192 2951 Carbonem

165 2982 356 3052 factionemque
367 2984 440 3053 ejus,
459 2981 502 3034 eui
515 2981 614 3034 bellum
627 2980 766 3034 videbatur
780 2980 884 3044 utilius,
897 3000 931 3034 ne
943 2979 1115 3045 conveniret,
1127 2980 1192 3033 elle·

164 3078 231 3118 ctum
245 3077 294 3118 est.
309 3063 384 3116 Idem
398 3065 503 3130 Carbo,
518 3083 602 3136 quum
618 3065 652 3116 ab
669 3064 792 3117 omuibus
810 3063 916 3135 oppidis
932 3063 1014 3115 ltalia
1031 3063 1195 3135 coloniisque
1306 3085 1307 3088 ¹

165 3147 266 3201 obsides
281 3147 385 3217 exigere
400 3147 494 3213 vellet,
506 3159 537 3199 ut
551 3146 631 3200 fidem
649 3165 741 3200 eorum
756 3158 848 3200 contra
858 3146 957 3199 Sullam
969 3146 1113 3218 obligaret,
1128 3167 1193 3199 con·

165 3251 240 3284 sensu
252 3242 360 3284 senatus
373 3230 521 3300 prohibitus
535 3243 581 3282 est.
592 3231 674 3282 Novis
686 3229 787 3282 civibus
800 3230 1025 3284 senatusconsulto
1037 3230 1195 3302 suffragium

166 3315 254 3367 datum
273 3327 320 3367 est.
338 3316 373 3379 Q.
393 3315 515 3367 Metellus
532 3315 611 3378 Pius,
629 3315 676 3385 qui
694 3325 781 3386 partes
798 3315 966 3385 optimatium
984 3327 1109 3384 sequutus
1122 3327 1194 3379 erat,

166 3418 246 3470 quum
257 3399 286 3451 in
301 3398 387 3451 Africa
406 3398 504 3450 bellum
521 3398 674 3462 moliretur,
691 3417 707 3450 a
719 3401 750 3452 C.
764 3398 846 3450 Fabio
857 3409 969 3470 pretore
979 3396 1072 3468 pulsus
1084 3409 1138 3460 est;
1157 3417 1195 3451 se·

167 3495 293 3554 natusque
310 3483 460 3535 consultum
479 3501 528 3553 per
544 3482 684 3534 factionem
701 3482 828 3535 Carbonis
845 3493 870 3534 et
886 3481 1063 3534 marianarum
1078 3481 1193 3553 portium

167 3568 264 3619 laetum
281 3577 337 3633 est,
355 3578 384 3618 ut
402 3585 494 3618 omnes
516 3565 614 3637 ubique
638 3566 768 3619 exereitus
792 3565 994 3618 dimitterentur.
1017 3565 1146 3617 Libertini
1166 3565 1195 3618 iu

167 3652 283 3723 quinque
299 3662 325 3703 et
341 3651 446 3722 triginta
463 3649 547 3702 tribus
565 3649 698 3703 distributi
715 3662 788 3702 sunt.
809 3648 935 3702 Praeterea
948 3647 1011 3701 belli
1025 3659 1194 3720 apparatum,

167 3734 237 3806 quod
252 3747 341 3788 contra
356 3735 457 3788 Sullam
472 3733 646 3799 excitabatur,
661 3733 787 3787 continet.

137 3948 159 4009 l.
178 3903 302 4010 laren
326 3945 396 4010 haec
421 3947 537 4036 legati,
565 3968 648 4033 quos
674 3946 716 4013 ad
740 3946 861 4010 Sullam
884 3947 925 4011 ab
946 3963 1059 4012 senatu
1084 3948 1197 4011 missos

135 4046 227 4110 fuisse
251 4045 412 4128 diximus,
436 4070 512 4111 cum
536 4047 626 4128 aliis,
650 4070 732 4135 quos
753 4047 942 4128 adjunxerat
958 4048 1066 4130 Sulla,
1085 4050 1118 4111 in
1139 4051 1199 4113 Ita-

133 4148 203 4212 liam
226 4149 430 4238 appulerant.
456 4148 520 4213 Sed
543 4148 684 4231 sullani,
711 4150 954 4238 quamprimum
976 4149 1138 4213 Brundisii
1158 4149 1198 4212 de

133 4265 234 4313 morte
260 4249 394 4329 Cinnae,
423 4250 581 4338 novisque
608 4250 792 4338 reipublicae
821 4250 924 4315 turbis
953 4254 1197 4338 cognoverunt,

131 4350 249 4415 omisso
270 4350 421 4437 negotio,
441 4350 482 4413 ad
503 4351 623 4415 Sullam
648 4366 724 4414 sunt
739 4352 874 4433 revecti,
891 4366 924 4415 et
940 4351 1089 4414 mandata
1104 4351 1199 4414 Sullae

131 4453 249 4517 caeteris·
274 4450 467 4540 perferenda
497 4453 709 4540 reliquerunt.
739 4453 920 4542 Negaverat
943 4454 1073 4534 autem,
1095 4475 1199 4518 «curu
