2670 5018
335 703 389 774 IN
402 758 406 767 .
419 706 535 774 LOC.
555 705 668 772 tht
687 703 1005 774 cx:.le1AN1.
1129 697 1207 770 683=

130 850 234 918 gnum
249 827 310 892 toti
326 825 481 891 exercitui
497 823 627 890 &bant
641 825 783 906 Fabius,
802 840 917 891 eonem
931 824 1118 887 boscastra
1132 844 1202 886 tne-

131 945 217 993 tatus
231 927 273 992 ad
287 928 440 1010 Sicorim,
456 925 539 992 duos
553 928 588 990 in
604 925 740 991 llumine
755 942 872 1017 pontes
886 925 1054 1006 effecerat,
1069 924 1155 989 inter
1167 947 1202 989 se

130 1029 284 1094 distantes
299 1029 397 1093 millia
410 1050 565 1117 passuum
578 1045 741 1116 quatuor:
762 1027 814 1092 his
832 1027 989 1116 pontibus
1010 1026 1201 1115 pabulatum

131 1124 253 1195 crebro¹
263 1131 411 1197 mittebat
430 1128 555 1218 :quod
571 1120 659 1194 idem
682 1152 788 1218 quum
802 1145 835 1194 et
853 1129 894 1193 ab
915 1128 1066 1192 hostibus
1089 1126 1180 1192 fieret
1192 1164 1209 1210 ,·

130 1234 250 1298 crebrae
270 1233 470 1297 velitationes
492 1248 602 1314 erant,
623 1255 684 1297 nec
702 1233 773 1296 sine
791 1254 910 1321 magno
931 1230 1081 1319 praesidio
1097 1229 1202 1294 emitti

130 1334 333 1423 pabulatores
349 1348 509 1422 poterant.
525 1332 653 1397 Accidit
665 1332 780 1423 igitur,
793 1356 898 1420 quum
910 1333 1053 1422 legiones
1066 1331 1203 1396 sabianae

130 1433 339 1521 duoeyllumen
355 1435 563 1517 transissent,
580 1434 885 1524 impedimentaque.
895 1451 929 1499 et
949 1434 1057 1529 omnis
1076 1434 1213 1523 equita·-

130 1555 184 1602 tus
199 1553 407 1627 sequeretur,
424 1553 464 1600 ut
476 1559 577 1625 pons,
593 1537 626 1600 vi
641 1536 868 1617 jumentorum
885 1551 917 1600 et
933 1558 1025 1623 aquae
1041 1534 1204 1625 magnitu-

130 1640 207 1705 dine
219 1641 455 1727 interruptus,
470 1639 644 1703 maximam
662 1654 788 1727 partem
811 1637 958 1726 equitum
979 1660 997 1700 a
1017 1635 1202 1725 legionibus

130 1741 305 1806 divelleret.
329 1742 401 1805 lloc
419 1739 487 1823 ubi·
498 1762 538 1804 ex
556 1762 671 1830 aggere
691 1755 724 1803 et
739 1739 899 1822 cratibus,
917 1760 990 1825 quae
1009 1734 1206 1826 prono’llu·'

129 1844 219 1906 mine
234 1841 479 1929 deferebantur,
503 1840 654 1905 hostibus
669 1841 838 1929 cognitum
857 1855 923 1920 est,
947 1840 1098 1903 Afranius
1117 1838 1209 1903 cele„

129 1944 208 2008 riter
222 1943 417 2031 equitatum
447 1964 579 2006 omnem
607 1942 815 2032 legionesque
843 1957 985 2028 quatuor
1013 1963 1075 2005 suo
1102 1955 1203 2029 ponte

130 2043 322 2110 transduxit.
935 2088 940 2099 ·

100 2194 102 2198 »
174 2147 263 2211 XlV.
285 2147 372 2235 Ergo
390 2146 425 2210 L.
447 2146 600 2227 Plancus,
618 2146 675 2234 qni
697 2146 879 2236 legionibus
898 2145 1033 2210 fabianis
1049 2159 1207 2232 preerat,-

129 2248 239 2312 locum
260 2248 460 2337 superiorem
480 2264 638 2336 occupat,
659 2248 751 2328 cujus
771 2247 890 2311 auxilio
912 2246 1066 2312 adversus
1088 2243 1202 2308 multi·

129 2349 277 2413 tudinem
299 2348 445 2413 hostium
468 2371 503 2414 se
525 2365 696 2414 tutaretur.
722 2349 836 2414 Praelio
857 2349 898 2417 ab
924 2348 1090 2437 equitibus
1110 2369 1204 2411 coma

130 2450 244 2532 misso,
256 2450 371 2539 procul
382 2451 449 2514 visa
460 2466 539 2514 sunt
552 2450 642 2539 signa
656 2449 796 2515 duarum
809 2451 1085 2542 legionum,·quas
1099 2450 1135 2513 C.
1146 2449 1205 2513 Fa·

130 2553 221 2633 bius,
238 2551 273 2616 id
292 2551 462 2640 quoderat
477 2552 673 2640 suspicatus,
691 2552 837 2617 subsidio
853 2553 920 2617 suis
936 2553 1091 2617 ulteriore
1101 2566 1204 2638 ponte

130 2653 270 2718 miserat.
287 2653 411 2717 flamm
425 2651 567 2717 adventu
579 2653 726 2742 praelium
739 2651 919 2736 dirimitur3
934 2654 1035 2742 copioe
1047 2652 1203 2740 utrinque

129 2753 165 2817 in
179 2771 282 2819 eastra
299 2770 528 2837 revertuntur,
539 2779 647 2843 quum
663 2757 900 2846 aliquammulti
916 2757 1134 2821 Fabianorum
1152 2777 1203 2819 es·

129 2873 202 2921 sent
219 2856 402 2922 desiderati.
423 2857 481 2921 Eo.
492 2856 595 2922 biduo
611 2862 718 2923 Caesar
735 2859 922 2949 supervenit
938 2882 1014 2923 cum
1036 2856 1201 2945 equitibus

130 2958 323 3047 nongentis,
342 2981 425 3046 quos
446 2959 508 3024 sibi
528 2961 678 3048 prasidio
696 2962 892 3042 retinuerat;
914 2976 962 3040 et,
979 2975 1080 3048 ponte
1099 2973 1203 3021 noctu

130 3054 220 3120 refici
230 3057 339 3139 jusso,
355 3080 432 3121 cum
444 3061 598 3125 omnibus
614 3063 734 3150 copiis,
749 3080 867 3150 praeter
881 3083 938 3126 sex
950 3061 1117 3140 cohortes,
1130 3082 1208 3147 quse·

131 3157 224 3246 ponti
245 3158 421 3246 castrisque
440 3159 589 3246 pracsidio
606 3162 888 3252 relinquebantur,
907 3160 947 3225 ad
962 3161 1085 3227 Afranii
1101 3175 1204 3224 castra

130 3258 362 3347 proficiscitur,
374 3260 608 3350 pugnandique
618 3278 811 3350 potestatem
824 3262 974 3328 hostibus
987 3262 1071 3326 facit.
1089 3261 1211 3343 Quum·

130 3361 241 3426 hostes
257 3384 402 3452 pugnare
419 3363 561 3444 nollent,
584 3364 691 3428 Caesar
703 3364 744 3429 ad
761 3363 1018 3453 quadringentos
1034 3386 1147 3452 passus
1160 3362 1203 3429 ab

131 3461 204 3527 imis
229 3461 392 3526 radicibus
415 3463 522 3545 collis,
546 3488 613 3552 quo
634 3465 669 3529 in
695 3466 777 3530 colle
796 3481 898 3530 eastra
922 3465 1068 3530 hostium
1093 3479 1202 3549 erant,

132 3581 232 3628 castra
250 3586 372 3652 ponere
389 3565 521 3646 statuit,
540 3565 598 3630 sed
620 3566 759 3648 veritus,
777 3590 820 3632 ne
838 3567 959 3630 vallum
976 3567 1102 3630 eminus
1122 3588 1204 3630 con·

131 3665 326 3752 spiceretur,
343 3665 573 3730 tantummodo
587 3668 706 3733 fossam
723 3668 845 3758 pedum
864 3667 1050 3757 quindecim
1065 3669 1204 3733 afionte

132 3765 208 3833 duci
226 3767 346 3847 jussit:
369 3766 468 3855 idque
489 3790 573 3855 opus
595 3792 719 3857 quum,
739 3772 842 3860 prima
864 3785 897 3835 et
914 3769 1057 3835 secunda
1076 3771 1143 3835 acie
1166 3770 1208 3833 in·

131 3866 222 3948 loco,
237 3868 295 3945 ubi
308 3883 400 3932 erant
410 3867 593 3951 instructae,
610 3874 847 3959 perstantibus,
859 3873 955 3939 tertia
967 3873 1050 3938 acies
1064 3872 1205 3952 faceret,

131 3969 245 4058 ignaro
260 3969 354 4033 hoste
368 3971 549 4059 perfectum
565 3987 624 4036 est.

155 4119 158 4125 .
175 4071 247 4136 XV.
272 4073 360 4136 Intra
380 4071 465 4136 hane
481 4074 700 4138 munitionem
717 4092 814 4141 nocte
831 4093 1009 4157 transacta,
1026 4073 1201 4164 postridie,

132 4174 208 4261 quia
223 4174 353 4264 longius
374 4198 471 4265 agger
485 4175 647 4264 petendus
662 4193 747 4258 erat,
764 4195 833 4243 tota
849 4195 967 4260 castra,
986 4174 1202 4266 quemadmo-

131 4273 211 4340 dum
228 4276 430 4358 instituerat,
453 4277 636 4365 permunit,
656 4279 791 4370 singulis
809 4280 993 4371 legionibus
1014 4277 1140 4367 singula
1156 4276 1202 4339 la·

167 4450 268 4549 sxiu.
280 4488 343 4540 cu.
357 4514 392 4525 -
404 4487 496 4537 two.
513 4511 549 4525 -
562 4484 579 4552 s
592 4487 663 4535 xm.
675 4487 736 4557 qa.
748 4514 782 4527 -
792 4491 876 4536 rmus.
887 4486 962 4534 sna.
975 4483 1003 4540 1,
1017 4481 1041 4531 s.
