2670 5018
145 727 192 825 76
219 730 288 799 Jo.
308 713 732 799 rrarusssu'rrsm
750 715 863 795 Loc.
883 727 976 796 Lm
996 729 1153 798 cxxx.

143 849 254 915 adesse
271 849 443 931 victorem,
462 864 495 912 et
511 847 703 936 amissorum
717 844 879 911 vindicem
898 844 1063 912 audiverat
1080 845 1203 912 :faden-

143 976 207 1040 que
227 952 291 1017 hoc
311 967 360 1030 est
384 950 561 1032 creditum,
579 947 659 1014 ¹uta
680 947 876 1038 quibusdam
891 946 1076 1013 noluntaria
1096 961 1217 1014 morte'

142 1053 289 1118 sublatus
310 1052 519 1117 existimetur.
538 1053 634 1116 Certe
651 1050 857 1116 cumamicis
875 1048 917 1115 de
931 1048 1073 1115 adventu
1089 1049 1203 1132 Sullae,

141 1152 247 1241 deque
266 1151 405 1216 fortunae
426 1150 645 1217 vicissitudine
666 1153 767 1218 multa
790 1149 977 1216 disseruisse
998 1150 1119 1216 dieitur
1132 1159 1150 1217 ἐ
1163 1156 1204 1216 'et

142 1276 292 1342 negasse,
306 1255 451 1342 sapientis
463 1253 579 1334 velleri,
594 1257 682 1320 toties
694 1268 832 1344 empertoe
843 1252 928 1320 illius
942 1253 1162 1318 mconstantrir
1172 1277 1205 1318 se

140 1357 341 1420 committere.
354 1355 440 1420 Hinc
455 1355 489 1419 in
505 1355 659 1420 morbum
675 1379 779 1445 quum
794 1355 974 1438 incidisset,
988 1371 1072 1420 etex
1085 1356 1216 1420 morbo·¹

140 1457 174 1520 in
192 1455 358 1538 delirium,
378 1479 504 1521 summa
519 1457 692 1523 hominum
712 1459 818 1524 laetitia
831 1457 872 1523 ad
889 1459 1028 1540 inferos,
1045 1480 1116 1546 quo
1128 1456 1217 1521 infi-··

141 1558 242 1621 nitam
257 1572 332 1621 ante
346 1579 380 1621 se
394 1558 580 1643 mortalium
592 1559 660 1623 rim
673 1559 886 1648 premiserat,
902 1557 1080 1623 descendit.

184 1659 330 1724 XLVlll.
347 1660 423 1743 Vir,
438 1647 574 1742 cujussi
590 1661 814 1727 examinentur
827 1682 904 1725 eum
920 1659 1096 1725 virtutibus
1108 1658 1203 1740 vitia,

140 1760 229 1825 haud
237 1760 330 1826 facile
341 1759 476 1845 dixeris,
487 1777 597 1826 utrum
607 1763 693 1828 bello
706 1762 837 1845 melior,
851 1785 893 1827 an
904 1783 982 1852 paoe
991 1761 1208 1851 perniciosior

141 1860 240 1924 fuerit
255 1884 262 1926 :
279 1883 465 1953 quanquam
481 1877 523 1927 et
544 1862 630 1928 bello
652 1863 823 1952 pestilens,
846 1885 944 1952 quam
967 1861 1203 1950 rempublicam

141 1962 238 2026 armis
250 1977 283 2026 et
298 1962 439 2026 consiliis
453 1980 648 2048 servaverat,
663 1964 810 2031 eamdem
822 1965 857 2028 in
869 1986 948 2052 pace
961 1963 1029 2028 aliis
1044 1963 1204 2044 consiliis,

141 2079 174 2128 et
189 2086 266 2127 mox
282 2064 366 2128 inter
382 2063 464 2129 belle
481 2064 583 2130 civilia
602 2065 716 2131 iisdem
738 2065 835 2131 armis
854 2063 1015 2129 hostiliter
1032 2063 1203 2151 oppressit.

142 2167 303 2231 Caeterum
320 2181 358 2230 ut
373 2167 570 2255 sanguinarii
585 2168 727 2233 hominis
743 2190 785 2231 ne
799 2167 898 2231 funus
913 2165 1045 2254 quidem
1060 2166 1132 2229 sine
1147 2164 1212 2229 do·³

142 2267 211 2331 lore
221 2269 356 2332 civitatis
368 2285 466 2356 atque
477 2269 567 2334 luctu
579 2271 764 2357 principum
773 2284 873 2349 esset,
886 2266 1089 2349 C.Fimbria‚
1102 2267 1204 2330 homo

141 2368 267 2456 perdite
281 2368 402 2450 audax,
417 2370 458 2452 Q.
467 2370 638 2435 Scaevolam
653 2369 816 2434 mandavit
831 2368 953 2451 occidi;
970 2383 1205 2456 compertoque

141 2469 276 2551 deinde,
291 2472 336 2533 sic
347 2493 416 2534 esse
425 2472 648 2554 vulneratum,
661 2488 699 2535 ut
707 2473 813 2535 vivere
825 2471 944 2559 possit,
959 2469 1046 2533 diem
1059 2470 1089 2533 ei
1101 2468 1203 2534 dixit:

139 2593 176 2634 ac
187 2572 419 2660 interrogatus,
430 2573 543 2661 ecquid
551 2576 650 2660 igitur
661 2576 855 2662 integerrtino
866 2574 1119 2660 sanctissimoque
1132 2572 1206 2633 vim

142 2687 219 2734 esset
229 2674 430 2763 objecturam?
443 2704 456 2730 ι
465 2675 536 2739 Hoc
548 2675 672 2765 ipsum,
687 2673 811 2763 inquit,
826 2673 916 2761 quod
927 2674 1050 2737 ferrum
1064 2671 1206 2760 maligne

143 2802 156 2825 α
167 2789 296 2860 recepit.
306 2806 319 2829 ν

176 2969 192 3035 S
206 2973 308 3021 vall.
322 2974 353 3021 U.
369 2973 399 3022 C.
415 2973 483 3034 6653
499 2974 530 3023 Α.
549 2975 577 3024 C.
593 2977 635 3034 87.
648 3002 683 3013 —
697 2976 750 3026 Cic.
762 2976 790 3023 in
803 2976 890 3033 Bruto,
906 2990 960 3039 esp.
974 2989 1015 3035 90·
1024 2999 1061 3010 -
1072 2972 1126 3021 Lir.
1138 2972 1206 3037 Epit.

141 3081 176 3092 -
187 3056 291 3106 Diodor.
303 3057 425 3121 apvales.
436 3084 470 3095 -
484 3059 558 3108 Auct.
569 3059 600 3107 de
612 3060 667 3108 Vir.
679 3060 714 3110 ill.
724 3087 760 3101 -
767 3059 784 3126 S
794 3060 910 3109 xtvnt.
924 3057 977 3108 cie.
990 3073 1038 3122 pro
1051 3057 1118 3106 Sext.
1130 3059 1208 3108 Rom.

141 3155 195 3204 erp.
209 3154 247 3188 ra.
259 3140 355 3188 -an
369 3143 437 3190 Mu.
449 3144 501 3201 lx,
513 3157 553 3193 rt.
800 3154 805 3172 ·
