2670 5018
268 770 320 840 ΙΝ
353 770 466 838 LOG.
492 770 581 837 Llll.
608 769 829 836 LXXXVII
861 771 1069 839 LIVIANI.
1131 771 1196 867 173

140 872 179 956 ¹ab
202 883 330 956 diversa
351 905 441 978 parte
464 887 705 952 continentibus
725 888 809 978 jugis
832 905 967 977 angusta
987 893 1106 956 cerriec
1122 894 1199 974 jung

143 991 287 1079 gebatur.
946 997 952 1005 “

185 1092 276 1155 Vlll.
298 1091 400 1179 lgitur
416 1088 533 1152 fossam
548 1088 732 1174 vallumque
752 1113 770 1151 e
789 1089 970 1178 longinquo
990 1089 1064 1153 duci
1082 1093 1194 1174 jussit,

144 1189 298 1278 operique
315 1187 500 1253 Lucretium
518 1188 653 1252 Ofellam
672 1187 830 1275 praefeeii,
849 1190 991 1277 equitem
1007 1214 1195 1275 romanum,

144 1292 196 1379 qui
212 1315 319 1380 nuper
332 1316 350 1355 e
361 1289 562 1354 carbonianis
574 1288 717 1376 partibus
733 1288 773 1352 ad
785 1313 818 1353 se
830 1291 1052 1379 transfugerat.
1067 1290 1105 1356 Id
1122 1315 1197 1356 con·

144 1393 246 1455 silium
264 1416 283 1454 a
301 1389 496 1477 quibusdam
518 1388 749 1476 reprehensum
766 1406 829 1470 est,
853 1413 920 1453 non
943 1391 1196 1478 improbabiliter

144 1492 378 1581 querentibus,
392 1513 450 1554 cur
462 1515 479 1553 e
492 1505 538 1553 tot
553 1491 699 1576 egregiis,
719 1494 890 1578 quorcirca
907 1515 939 1554 se
954 1493 1104 1572 hahebat,
1121 1497 1198 1558 viro

143 1597 290 1656 neminem
298 1643 308 1672 ,
327 1591 383 1654 sed
397 1591 557 1652 obscurum
573 1602 604 1651 et
622 1589 789 1674 ignobilem
807 1591 961 1655 itomt'rtem
977 1594 1025 1656 od
1042 1607 1140 1658 taotoe
1152 1599 1199 1659 rei

106 1762 109 1766 Δ
143 1696 344 1757 emeterium
368 1691 527 1778 delegisset
547 1713 559 1751 .·
580 1702 660 1752 certe
671 1689 848 1776 soedissimi
864 1694 1019 1779 propositi
1040 1697 1196 1757 conscium

143 1790 398 1881 itemt'lespotius‚
412 1802 442 1853 et
453 1792 589 1874 ser-rituti
598 1801 728 1876 paratos
740 1790 890 1853 extollere
907 1792 1056 1871 volut'sse,
1074 1817 1096 1856 a
1110 1795 1196 1858 bonis

142 1899 213 1960 virts
222 1895 315 1959 haud
320 1911 408 1982 teque
410 1895 590 1980 promptum
600 1890 646 1952 od
653 1892 757 1978 turpia
768 1891 944 1978 obseqto'um
954 1906 1193 1980 exspectantem.

181 1997 240 2060 tx.
256 1995 315 2059 llla
332 2015 465 2080 quoque
483 1993 577 2054 causa
599 1989 729 2054 subesse
743 1990 934 2078 putabatur,
953 2015 994 2056 ne
1009 2011 1195 2080 praestantes

141 2098 254 2160 virtute
267 2118 305 2158 ac
321 2093 487 2156 nobilitate
502 2093 649 2155 homines
664 2091 873 2155 consiliorum
887 2110 1116 2182 gestorumque
1131 2097 1197 2160 lau·

141 2195 210 2260 dem
220 2195 305 2259 adse
321 2193 536 2274 retraherent3
549 2193 778 2280 republicaque
792 2194 955 2274 restituta,
970 2196 1038 2280 pari
1052 2218 1126 2259 cum
1140 2199 1194 2260 illo

138 2279 204 2378 jure
220 2296 344 2361 censeri
361 2317 491 2382 aequum
505 2309 664 2382 putarent.
681 2293 766 2356 Viles
780 2316 858 2381 ergo
871 2294 1023 2369 malebat,
1037 2297 1110 2382 qui,
1125 2320 1195 2360 mo-

140 2398 214 2462 dicis
239 2395 380 2487 praemiis
402 2395 566 2476 contenti,
590 2395 706 2457 famam
729 2395 971 2482 potentiamque
994 2396 1127 2459 solidam
1152 2397 1193 2461 ad

140 2501 365 2588 imperatorem
380 2497 641 2561 transmitterent.
656 2495 719 2559 Sed
738 2498 835 2583 paulo
850 2513 942 2579 ante,
960 2519 1061 2584 quum
1079 2497 1192 2562 adver·

139 2602 294 2665 sariorum
320 2597 524 2686 apparatibus
550 2594 655 2660 omnis
678 2597 768 2660 ltalia
793 2614 966 2684 streperet,
991 2614 1022 2662 et
1045 2600 1192 2686 ingentes

138 2702 252 2789 passim
274 2700 433 2764 exercitus
456 2715 568 2761 contra
585 2720 619 2761 se
635 2695 772 2761 ducibus
795 2699 928 2762 minime
948 2698 1192 2763 contemnendis

137 2803 392 2883 concitarentur3
409 2799 567 2887 optimum
587 2820 750 2885 quemque
772 2797 1101 2887 honestissimumque
1123 2822 1191 2863 ma·

136 2903 221 2966 ximo
230 2900 340 2964 studio
354 2899 544 2979 ambiremt,
557 2921 735 2985 eorumque
745 2921 841 2986 opera
853 2914 1014 2986 gratanter
1023 2900 1090 2963 erat
1102 2924 1190 2965 usus.

176 3005 218 3068 X.
246 3004 277 3066 Ο
297 3024 426 3092 gravem
446 3001 518 3062 vitae
536 3000 785 3087 pestiferamque
807 2998 912 3079 luem,
935 3022 1007 3087 quae
1025 3003 1191 3065 vinculum

137 3103 283 3168 humanae
295 3100 454 3166 societatis
469 3100 582 3180 solrit,
601 3101 839 3186 maximumque
854 3123 961 3163 rerum
977 3101 1190 3189 gerendarum

135 3205 387 3269 instrumentum
409 3200 562 3264 obtundit
582 3223 619 3264 ae
637 3200 783 3264 hebetat!
806 3203 911 3283 Quem
933 3203 1018 3265 enim
1042 3203 1191 3266 omnium

135 3303 233 3367 lidum
260 3303 374 3381 nobis,
401 3308 584 3387 nostraeq‘ue
608 3300 752 3364 utilitatis
777 3324 870 3365 causa
897 3302 1004 3365 omnia
1030 3289 1190 3366 facturum

133 3426 259 3492 sperare
274 3424 463 3490 possumus,
478 3401 505 3464 si
518 3401 586 3464 haec
600 3401 737 3489 pessima
752 3401 955 3465 consuetudo
971 3403 1120 3483 inolevit,
1135 3421 1189 3485 ut,

133 3527 214 3591 quos
227 3503 271 3567 ob
286 3525 376 3591 spem
392 3500 579 3589 praestandae
596 3525 699 3589 operte
715 3524 804 3564 caros
819 3502 1010 3583 habuimus,
1027 3520 1101 3590 post
1114 3527 1191 3591 prte-

133 3605 238 3668 stitam
256 3603 467 3691 spernamus?
483 3604 642 3667 Caeterum
659 3603 763 3682 Sulla,
779 3603 876 3665 rebus
890 3602 930 3666 ad
942 3604 1101 3667 Praeneste
1115 3627 1192 3667 eon·

132 3703 263 3785 stitutis,
273 3704 409 3767 Romam
421 3718 542 3791 petens,
553 3703 704 3765 omnibus
712 3703 769 3766 viis
780 3703 892 3790 globos
905 3704 1042 3766 militum
1053 3707 1190 3791 praemit·

133 3806 236 3886 tebet,
250 3805 453 3893 precipiens,
469 3822 505 3867 ut
518 3804 636 3867 exclusi
651 3804 810 3866 moenibus
823 3804 945 3867 Ostiam
957 3804 1189 3889 concederent,

132 3907 249 3995 recepti
268 3906 310 3969 ad
330 3922 437 3994 portas
461 3904 598 3993 praesidii
621 3927 715 3968 causa
736 3921 949 3969 remanerent.
964 3905 1026 3968 Sed
1043 3906 1102 3969 illis
1123 3929 1189 3971 non

132 4030 200 4094 quae
216 4009 249 4070 in
268 4008 318 4070 ria
332 4007 429 4069 modo
444 4022 536 4069 erant
550 4006 662 4087 urbes,
677 4005 733 4070 sed
749 4007 815 4093 ipsa
828 4007 931 4068 Roma
945 4007 1050 4068 statim
1066 4009 1189 4093 patuit,

130 4107 212 4169 lame
229 4123 368 4194 urgente
385 4107 558 4194 populum,
578 4122 611 4168 et
625 4107 697 4186 jam·
707 4106 790 4170 inter
808 4122 856 4169 tot
871 4107 1011 4169 civilium
1029 4107 1188 4171 bellorum

130 4205 383 4271 vicissitudinem
400 4209 532 4271 assuetis
551 4208 739 4271 hominibus
755 4207 930 4295 potentiori
946 4208 1106 4272 accedere.

160 4423 258 4489 §VllL
274 4423 383 4488 Appiam
403 4452 434 4462 —
448 4425 512 4472 rtur.
526 4451 560 4461 ·-
574 4425 626 4472 liv.
642 4423 707 4487 Epit.
725 4422 890 4470 Lxxxvffl.
911 4444 945 4454 —
958 4416 1021 4464 Vell.
1040 4419 1080 4471 11,
1096 4432 1137 4474 27·
1154 4441 1188 4452 --

129 4506 174 4555 [tto
185 4508 253 4573 apud
267 4507 350 4554 Voles.
366 4534 396 4543 —
409 4507 424 4571 S
435 4509 468 4554 X.
484 4506 552 4554 U.C.
560 4505 625 4565 ⁶7⁰3
637 4508 668 4553 Δ.
676 4506 703 4555 C.
716 4508 757 4553 82.
768 4533 800 4544 -
811 4505 863 4551 Lir.
874 4501 939 4566 Epit.
952 4526 986 4536 -
996 4500 1101 4563 Appian.
