2670 5018
144 739 189 813 so
315 741 744 811 Jo.rnn1nsnunrr
775 713 1019 810 sorrentu.
1085 697 1091 788 'a
1160 745 1169 753 ·

143 886 245 951 quum
260 863 360 944 Sulla,
371 861 462 925 fessis
475 862 618 950 integros
629 861 837 942 submittens,
853 860 942 923 hunc
959 883 1061 924 unum
1078 877 1196 926 restare

141 965 284 1029 laborem
298 964 488 1044 clamitaret3
502 984 608 1049 neque
621 962 780 1050 reliquum
791 959 969 1048 quidquam
982 959 1109 1042 faceret,
1118 984 1201 1048 quo·-

143 1067 250 1129 minus
267 1064 446 1152 promissis,
463 1064 612 1151 imperio,
627 1064 737 1140 minis,
751 1062 849 1126 modo
866 1062 942 1144 hos,
960 1061 1059 1126 modo
1074 1063 1145 1127 illos
1156 1062 1197 1127 ad

142 1165 321 1255 spernenda
339 1166 494 1253 pericula,
512 1188 688 1254 murosque
704 1166 737 1230 vi
753 1163 1026 1228 transcendendos
1041 1164 1196 1229 incitaret.

140 1270 254 1355 Neque
267 1269 374 1331 minus
387 1267 584 1349 animorum,
597 1284 654 1331 aut
666 1266 833 1331 industriae
844 1267 1003 1331 Archelao
1017 1263 1196 1353 supererat,

140 1369 294 1455 perculsis
309 1384 406 1454 atque
422 1368 551 1450 sauciis,
568 1390 703 1456 corpore
719 1383 816 1455 atque
830 1367 939 1431 animo
956 1383 1101 1430 recentes
1118 1367 1198 1430 sub·

141 1468 216 1532 inde
224 1470 352 1548 jubenti
363 1469 549 1552 succedere3
562 1467 666 1533 donec
677 1469 823 1559 fatigatos
835 1468 949 1554 iniquo
961 1467 1070 1556 praelio
1080 1467 1197 1558 milites

140 1571 226 1634 Sulla
247 1571 433 1650 miseratus,
454 1570 597 1657 receptui
618 1570 749 1653 cecinit,
769 1591 872 1656 quum
891 1567 959 1646 ejus
982 1565 1046 1631 diei
1067 1567 1197 1632 fortuna

140 1672 210 1758 pari
223 1673 308 1734 inter
319 1694 354 1735 se
366 1672 483 1734 robore
498 1671 673 1758 praeliatas,
687 1672 782 1734 etiam
799 1669 995 1733 detrimento
1006 1668 1197 1732 amissorum

141 1774 295 1858 utrinque
312 1772 450 1835 militum
464 1773 662 1859 aequavisset.

184 1874 318 1937 XXVII.
330 1874 519 1955 Archelaus,
530 1896 572 1937 ne
584 1890 714 1939 noctem
728 1871 860 1959 quidem
871 1873 938 1935 suis
955 1871 1098 1958 quietam
1108 1869 1198 1933 abire

133 1998 268 2062 passus,
285 1973 468 2062 reparandis
484 1975 640 2038 moenium
651 1974 753 2037 ruinis
765 1995 896 2059 operam
908 1969 997 2036 dedit
1008 1993 1015 2033 :
1027 1971 1112 2033 intra
1125 1991 1198 2033 mu·

141 2098 215 2137 rum
234 2075 350 2138 multas
365 2075 521 2138 exstruxit
535 2074 747 2154 munitiones,
765 2074 799 2136 in
816 2074 901 2138 lunae
915 2071 1053 2160 speciem
1073 2070 1198 2134 sinuata

141 2174 263 2255 fronte,
280 2197 346 2261 quo
360 2176 508 2262 pluribus
519 2198 558 2239 ex
569 2175 714 2263 partibus
728 2176 762 2237 in
776 2176 904 2238 hostem
920 2173 1051 2237 missilia
1060 2174 1200 2252 jaceren-

142 2291 205 2338 tur.
220 2277 296 2351 Eas‚
312 2276 391 2339 dum
406 2276 513 2340 adhuc
526 2299 637 2341 recens
649 2276 739 2339 labor
750 2276 873 2339 facilius
888 2275 1044 2338 machinis
1057 2271 1198 2354 cederet,

142 2398 256 2464 magna
271 2376 301 2438 vi
316 2399 506 2465 oppugnare
520 2376 608 2443 Sulla
623 2376 721 2463 coepit
732 2398 740 2439 τ
753 2375 808 2439 sed
823 2373 968 2462 undique
985 2374 1056 2437 telis
1072 2374 1197 2462 exposi-

142 2494 208 2558 tus,
224 2500 327 2564 quum
343 2477 463 2540 multos
478 2476 581 2541 occidi
592 2477 818 2563 vulnerarique
831 2490 993 2555 cerneret,
1006 2473 1128 2552 abjecta
1141 2495 1199 2561 spe

142 2578 288 2665 capiendi
310 2578 449 2666 pervim
470 2572 596 2665 oppidi,
621 2593 657 2641 ut
679 2594 921 2642 commeatuum
944 2577 1053 2663 inopia
1070 2590 1200 2665 cogeret

141 2677 182 2740 ad
195 2679 393 2741 deditionem
406 2679 568 2758 obsessos,
581 2678 622 2742 de
633 2678 758 2764 reliquo
769 2676 925 2740 abstinuit
935 2675 1198 2763 oppugnatione;

142 2778 247 2842 claudi
268 2795 393 2843 tantum
412 2779 535 2860 aditus,
555 2801 596 2843 ne
613 2779 669 2866 qui
686 2779 790 2859 exire,
812 2800 892 2841 neve
917 2775 1042 2865 ingredi
1065 2777 1199 2863 impune

142 2897 288 2967 possent,
303 2882 406 2960 jussit.

185 2984 336 3045 XXVIII.
356 2983 446 3070 Ipse,
467 2999 558 3070 parte
578 2983 744 3070 copiarum
764 2995 946 3066 assumpta,
965 2977 1106 3041 Athenas
1124 2999 1199 3064 per·

142 3084 241 3162 rexit3
264 3085 321 3147 ubi
346 3084 524 3173 graviorem
546 3085 579 3147 in
603 3083 670 3147 dies
690 3105 852 3147 annonam
872 3081 1001 3160 factam,
1024 3095 1056 3143 et
1075 3080 1140 3159 jam
1158 3077 1200 3143 ad

142 3200 283 3246 extrema
297 3184 492 3248 necessitatis
508 3200 700 3272 perventum
713 3184 922 3247 intellexerat.
936 3181 1095 3245 lumentis
1111 3181 1199 3244 enim

142 3283 294 3345 omnibus
309 3283 503 3372 absumptis,
517 3285 613 3348 etiam
628 3285 769 3348 oleribus
786 3301 819 3347 et
831 3284 940 3347 herbis
948 3282 1087 3362 vescuis,
1101 3281 1199 3371 νιιίςο

137 3384 202 3462 jam
218 3407 236 3445 a
254 3385 367 3473 tegulis
382 3385 611 3474 parietinisque
624 3385 820 3449 Parthenion
838 3383 1048 3470 (urceolarem
1063 3383 1200 3447 herbam

139 3486 241 3549 Latini
261 3484 393 3570 vocant)
413 3486 447 3548 in
466 3487 587 3551 victum
610 3486 812 3550 vellebatur:
833 3487 885 3549 alii
903 3486 1199 3550 calceamentorum

139 3585 417 3671 ampullarumque
441 3587 535 3650 coriis
560 3586 771 3650 morabantur
794 3584 996 3650 deficientem
1023 3585 1200 3673 spiritum3

141 3685 235 3748 etiam
253 3685 394 3750 humana
411 3709 547 3776 corpora
566 3704 728 3775 coeperant
741 3687 776 3750 in
792 3688 902 3752 cibum
916 3689 996 3755 verti
1013 3709 1109 3751 :nam
1128 3687 1200 3750 fru-

142 3786 243 3847 menti
254 3787 384 3872 quidem
399 3787 583 3852 medimnus
597 3789 683 3852 mille
692 3788 832 3853 denariis
846 3787 1072 3852 aestimabatur.
1083 3786 1201 3873 Neque

140 3885 203 3946 hoc
219 3886 436 3951 tristissimum
454 3889 666 3976 pereuntibus
681 3899 765 3965 erat,
783 3887 840 3954 sed
856 3887 947 3976 quod
960 3905 1118 3975 tyrannus
1132 3885 1201 3950 Ari·

140 3985 223 4047 stion
240 3986 274 4047 in
286 4008 322 4048 ea
333 3987 461 4073 publica
474 3992 610 4076 penuria
622 3990 767 4078 quotidie
784 4014 859 4055 cum
873 3991 938 4054 suis
952 3987 1199 4076 compotoribus

139 4087 281 4150 hilariter
294 4088 503 4174 epulabatur3
520 4114 580 4155 nec
594 4091 693 4155 modo
708 4091 890 4156 fatiscentes
903 4088 1010 4153 inedia
1022 4089 1123 4163 cives,
1141 4087 1200 4154 sed

141 4189 235 4251 etiam
259 4189 453 4254 exstinctum
477 4191 539 4254 olei
562 4192 671 4279 inopia
691 4193 843 4258 Minervae
865 4213 992 4256 sacrum
1012 4192 1140 4279 ignem,
1163 4189 1198 4252 in

143 4288 202 4350 levi
221 4290 372 4374 ponebat.
466 4362 471 4375 ἱ

174 4427 323 4490 §XXVIIL
334 4427 395 4475 Pliu.
405 4430 494 4486 XXII,
513 4432 552 4477 18.
564 4456 598 4466 -
611 4430 676 4478 Plut.
685 4430 712 4477 in
730 4429 810 4489 Sulla,
828 4446 849 4477 e.
865 4445 904 4488 17·
920 4457 953 4465 -
970 4429 1019 4476 Dio
1035 4427 1101 4492 apud
1117 4426 1197 4474 Valet.

141 4539 174 4546 -
192 4511 256 4559 Flos.
269 4513 317 4568 111,
334 4512 357 4558 5.
