2670 5018
49 579 65 609 Ι

52 782 117 825 112
210 712 295 824 so.
323 752 667 824 ramnsnaun
695 753 945 825 surenam.

47 896 84 943 ut
97 878 138 943 ad
158 900 265 968 regem
283 877 404 966 legatos
421 875 550 939 mittere
564 874 674 955 liceat,
691 872 879 951 orantibus,
894 898 1000 963 quum
1018 898 1119 969 nega.

47 999 119 1045 tum
133 1006 151 1045 a
165 978 309 1043 Zenobio
327 992 429 1060 esset,
445 999 535 1041 arma
550 975 686 1058 tradita,
701 974 832 1041 obsides
846 975 956 1060 datos,
972 1001 1086 1045 muros
1099 1004 1120 1045 a

47 1084 192 1147 Barbaris
208 1082 349 1144 insessos
365 1094 571 1168 reputantes,
590 1100 630 1143 eo
650 1076 909 1164 descenderunt,
925 1096 965 1145 ut
979 1066 1119 1171 impera-

47 1202 113 1249 tam
128 1183 301 1272 pecuniam
316 1180 508 1270 penderent.

90 1285 204 1349 XLIV.
224 1284 289 1349 Sed
311 1283 388 1364 ubi,
405 1281 558 1347 detractis
580 1282 732 1345 fanorum
756 1282 976 1365 ornamentis,
999 1282 1118 1349 mulie·

45 1410 187 1476 rumque
204 1387 323 1451 collato
342 1382 484 1465 mundo,
499 1406 583 1473 segre
601 1382 687 1447 hanc
703 1405 865 1447 summam
884 1384 1117 1467 confecerunt,

45 1486 353 1575 Zenobius'aliquid
370 1484 482 1551 deesse
503 1482 645 1573 ponderi
661 1482 846 1567 cavillatus,
865 1484 976 1550 adesse
996 1485 1118 1559 iterum

45 1593 79 1655 in
92 1592 219 1655 theatro
234 1590 404 1652 universos
413 1587 530 1667 jussit:
545 1584 622 1650 inde
636 1609 740 1674 quum
753 1587 919 1652 theatrum
930 1588 1063 1676 viasque
1075 1586 1119 1653 ad

45 1717 135 1758 mare
149 1692 305 1757 ducentes
320 1690 451 1754 armatis
471 1690 639 1779 sepsisset,
654 1688 849 1753 nominatim
868 1705 1018 1755 evocatos
1039 1712 1119 1778 prte-

45 1796 181 1882 cipuum
203 1813 386 1880 quemque,
408 1787 527 1855 deinde
544 1806 676 1855 caeteros
699 1791 847 1881 ipsorum
870 1790 970 1856 servis
990 1791 1117 1857 vinctos

46 1894 194 1977 tradidit,
206 1912 243 1959 ut
254 1895 287 1957 in
297 1893 438 1959 Colchos
448 1891 699 1982 deportarentur
709 1917 717 1959 τ
728 1896 864 1959 seorsim
875 1892 993 1958 deinde
1001 1918 1021 1958 a
1029 1894 1117 1976 viris,

45 2020 87 2060 ne
98 1996 178 2084 quid
189 1994 373 2060 acerbitatis
379 2011 479 2083 ¹atque
488 1993 621 2058 ludibrii
630 1994 771 2079 deesset,
780 1996 993 2061 infirmiorem
1002 2019 1117 2061 sexum

45 2114 240 2185 aetatemque
257 2097 400 2162 barbaris
414 2096 606 2161 custodibus
622 2097 808 2164 evehendus
822 2098 996 2163 commisit.

88 2201 187 2263 XLV.
199 2199 285 2263 Urbs
296 2200 456 2264 Chiorum
468 2199 609 2286 ponticis
623 2198 748 2263 colonis
762 2215 811 2264 est
824 2199 957 2281 tradita,
974 2221 1116 2289 agerque

45 2301 220 2365 aZenobio
235 2301 440 2364 distributus.
449 2302 609 2365 Caeterum
622 2316 748 2388 partem
759 2302 908 2383 navium,
922 2324 1025 2390 quum
1039 2318 1118 2391 prse-

46 2405 271 2467 terveheretur
289 2403 530 2467 Heracliensem
548 2426 657 2484 oram,
677 2420 878 2492 exceperunt
898 2405 1114 2483 Heracleote,

44 2507 166 2593 quibus
179 2507 318 2569 amicitia
328 2528 403 2568 cum
413 2504 503 2568 Chiis
515 2503 755 2587 intercedebat;
771 2505 939 2594 Chiosque
950 2506 985 2568 in
999 2505 1116 2569 urbem

45 2630 137 2670 suam
157 2623 319 2693 receptos,
337 2605 444 2670 donec
459 2608 628 2670 confectus
646 2607 685 2670 iis
699 2608 734 2670 in
748 2607 885 2697 patriam
900 2605 1024 2671 reditus
1036 2607 1115 2689 fuit,

44 2707 247 2794 hospitaliter
261 2729 372 2769 secum
384 2706 582 2773 habuerunt.
599 2707 638 2772 ld
652 2709 795 2797 primum
812 2708 846 2772 in
864 2725 953 2773 tanta
964 2708 1055 2774 clade
1065 2732 1117 2774 so-

44 2810 156 2872 latium
169 2810 293 2871 miseris
302 2809 380 2891 fuit3
394 2811 599 2898 proximum,
612 2810 702 2898 quod
715 2810 899 2875 Zenobium
911 2812 1001 2876 haud
1010 2811 1116 2876 multo

46 2927 121 2999 post
145 2934 273 2998 poenam
299 2913 395 2976 luisse
418 2914 576 2977 scelerum
602 2929 844 3002 compererunt.
872 2915 1040 3002 Ephesum
1063 2914 1116 2978 ille

45 3037 121 3076 cum
136 3014 292 3078 militibus
304 3015 488 3102 appulerat,
506 3014 619 3079 eadem
633 3015 761 3096 omnia,
776 3038 850 3102 quae
861 3014 953 3098 Chii,
970 3014 1116 3103 exempla

44 3116 203 3180 editurus.

90 3217 205 3281 XLVI.
226 3216 293 3297 Illi,
318 3218 379 3280 nisi
401 3217 514 3305 positis
535 3219 653 3298 armis,
677 3234 710 3281 et
726 3241 827 3306 parvo
844 3219 1017 3300 comitatu,
1033 3219 1117 3283 reci·

32 3343 122 3407 ‚pere
142 3321 311 3383 hominem
337 3336 553 3385 recusarunt:
576 3321 633 3408 qui
653 3320 711 3382 ubi
729 3321 853 3408 accepit
872 3319 1116 3402 conditionem,

44 3438 77 3486 et
94 3421 181 3510 apud
200 3421 497 3509 Philopoemenem,
517 3422 571 3485 cui
591 3445 648 3485 rex
662 3444 763 3512 gener
779 3423 870 3487 urbis
890 3421 1116 3512 prefecturam

45 3522 267 3604 connniserat,
283 3522 464 3604 divertens,
479 3546 539 3612 per
549 3545 732 3611 praeconem
745 3523 861 3605 edixit,
877 3541 913 3588 ut
929 3523 970 3589 ad
984 3525 1117 3589 concio·

46 3649 120 3689 nem
133 3627 273 3713 populus
286 3627 484 3689 conveniret.
499 3625 648 3714 Ephesii,
664 3626 746 3689 nihil
757 3649 825 3689 non
840 3627 1004 3716 ingratum
1018 3650 1118 3716 oppe-

45 3729 183 3808 rientes,
199 3751 268 3791 rem
281 3729 315 3790 in
328 3743 520 3815 sequentem
534 3727 622 3792 diem
636 3727 828 3808 rejecerunt.
841 3728 905 3793 Sed
918 3744 1029 3810 nocte,
1043 3752 1116 3818 qum

47 3829 245 3908 intercessit,
262 3845 357 3917 capto
371 3829 457 3893 inter
468 3851 502 3892 se
514 3830 665 3906 consilio,
683 3853 771 3894 arma
782 3831 1033 3918 corripuerunt3
1046 3846 1117 3894 tru-

45 3952 150 4016 soque
161 3929 194 3990 in
210 3952 373 3993 carcerem
388 3930 550 4012 Zenobio,
565 3948 597 3995 et
608 3932 715 3995 statim
727 3933 916 4013 interfecte,
934 3933 1116 3997 centuriate

48 4031 315 4113 multitudinem,
339 4048 390 4113 et,
416 4055 455 4096 ex
479 4034 562 4121 agris
585 4033 620 4095 in
647 4033 762 4097 urbem
788 4034 1016 4120 comportatis,
1042 4052 1115 4121 quc

47 4150 216 4220 poteraut,
233 4134 403 4215 omnibus,
417 4134 570 4198 adversus
586 4135 653 4197 vim
669 4156 781 4222 parare
797 4158 832 4197 se
845 4135 1070 4201 instituerunt.

91 4238 222 4300 XLVII.
242 4240 319 4301 Haec
333 4235 443 4301 audita
464 4237 662 4319 Trallianos,
682 4238 902 4326 Hypaepenos,
922 4237 1115 4328 Metropoli·

82 4450 98 4514 S
113 4451 203 4497 XLIV.
215 4450 343 4497 Memnon.
357 4477 392 4485 —
406 4449 462 4498 Nlo.
475 4450 618 4497 Damascen.
629 4460 654 4497 et
663 4447 1012 4513 Posidonmpuddthean,
1026 4452 1066 4498 18.
1081 4476 1115 4487 -

46 4535 154 4598 Appiae.
164 4531 278 4580 Mithrid.
