2670 5018
180 771 246 814 aon
350 748 417 812 Jl).
446 744 784 814 FREINSHEMll
814 744 1063 812 SUPPLEM.

178 889 236 952 pos
251 867 378 956 agmina
393 863 620 928 effodientium
631 865 881 951 ementiumque
897 862 1053 946 humum3
1068 886 1178 953 neque
1189 867 1244 930 ab-

177 967 253 1030 duci
269 969 309 1030 ab
324 968 383 1030 hac
396 967 519 1029 insania
536 966 600 1030 ulla
615 966 647 1030 vi
659 983 717 1030 aut
731 982 801 1031 arto
810 980 983 1054 poterant:
1000 966 1186 1055 complures
1199 969 1241 1033 ita

176 1070 245 1133 dies
259 1071 440 1157 absumpti,
459 1068 682 1133 circumeunte
698 1068 870 1158 Pompeio,
889 1089 950 1131 nec
968 1082 1100 1132 tenente
1118 1069 1241 1151 risum,

177 1170 266 1258 quod
288 1188 337 1234 tot
361 1171 459 1233 millia
481 1171 654 1235 hominum
674 1160 872 1234 invertendis
892 1169 995 1257 agris,
1020 1184 1174 1258 tanqum
1196 1172 1240 1237 rei

176 1274 283 1352 serite,
301 1273 489 1337 incumbere
506 1272 668 1338 cernebat.

218 1377 292 1439 XX.
310 1376 455 1439 Tandem
473 1376 561 1438 inani
576 1374 689 1439 labore
702 1372 884 1463 defatigati,
899 1372 1053 1444 eliserunt
1069 1375 1239 1464 Pompeio,

175 1478 221 1539 uti
240 1501 294 1557 se,
311 1500 378 1564 quo
396 1479 512 1557 vellet,
536 1477 689 1558 duceret3
709 1477 784 1541 satis
807 1498 938 1566 magnas
960 1499 995 1539 se
1015 1477 1159 1541 stultitias
1175 1501 1240 1543 sue

173 1604 282 1666 poenas
306 1580 442 1644 dedisse.
463 1580 553 1644 Circa
573 1580 700 1650 Uticam
717 1596 855 1667 uterque
873 1579 1031 1642 exercitus
1047 1581 1082 1642 in
1100 1579 1169 1644 acie
1182 1580 1238 1647 ud·

173 1681 268 1762 stitit,
287 1681 365 1744 valle
391 1697 516 1744 tantum
535 1681 724 1769 interposita
739 1703 871 1769 aspera,
890 1696 922 1743 et
942 1680 982 1744 ad
1004 1680 1238 1762 transeundum

174 1780 305 1844 difficili.
318 1783 370 1845 Ob
387 1805 456 1845 eam
469 1806 556 1861 rem,
571 1799 603 1845 et
615 1783 690 1870 quia
701 1799 817 1846 ventus
834 1782 972 1845 imbrem
984 1781 1091 1848 ferens
1103 1784 1238 1873 aprimo

173 1904 266 1944 mane
283 1899 391 1963 ortus,
412 1906 453 1945 ne
475 1899 629 1969 provecto
644 1883 778 1971 quidem
803 1883 855 1948 die
877 1884 1039 1964 cessabat,
1057 1885 1237 1967 Domitius,

171 2000 240 2047 tum
259 1986 413 2073 temporis
427 1986 561 2049 minime
575 2002 757 2074 pugnatum
774 1986 813 2049 iri
830 2002 937 2068 ratus,
953 1986 1081 2074 signum
1093 1988 1237 2074 receptui

171 2086 271 2152 dedit.
290 2090 380 2150 Hanc
405 2111 496 2151 suam
520 2088 723 2153 occasionem
741 2088 916 2175 Pompeius
931 2085 1085 2175 prudenti
1102 2088 1242 2155 oonsilio.

171 2205 277 2271 ratus,
293 2190 451 2253 continuo
471 2188 654 2254 transduxit
669 2212 766 2270 suos,
783 2189 999 2275 hostibusque
1015 2188 1236 2277 incompositis

171 2307 201 2353 et
213 2291 352 2371 disjectis
366 2293 533 2357 incubuit:
550 2308 583 2355 at
597 2293 641 2355 illi
652 2309 750 2356 vento
762 2315 897 2378 quoque
911 2289 1146 2371 turbabantur,
1162 2292 1236 2378 qui,

170 2397 335 2480 compulsa
352 2395 384 2456 in
399 2417 455 2457 ora
469 2395 648 2481 oculosque
661 2395 785 2482 pluvia,
799 2408 1009 2481 conspectum
1023 2391 1236 2480 auditumque

169 2493 340 2556 adimebat.
363 2495 432 2557 Nec
451 2518 563 2583 expers
579 2494 677 2573 hujus
697 2493 898 2558 incommodi
916 2493 1131 2581 pompeianus
1147 2515 1237 2559 exera·

169 2593 252 2655 citus
271 2611 357 2673 erat,
377 2595 525 2682 adeoque
547 2594 614 2658 dux
631 2596 700 2682 ipse
724 2616 839 2682 parum
862 2593 986 2674 abluit,
1005 2594 1084 2681 quin
1108 2594 1236 2670 occide·

170 2710 259 2755 retur
275 2719 293 2756 a
309 2696 426 2774 milite,
442 2699 495 2758 cui
512 2713 663 2760 tesseram
683 2695 830 2783 poscenti
846 2693 970 2758 tardius
986 2693 1181 2760 reddiderat.

213 2801 303 2863 XXI.
328 2802 410 2863 Victi
430 2818 537 2862 tamen
560 2822 675 2888 magna
697 2822 807 2888 pugna
831 2800 1008 2864 Domitiani
1026 2816 1125 2881 sunt,
1142 2817 1181 2865 ut
1195 2801 1243 2865 de-

167 2903 278 2990 viginti
302 2903 443 2965 millibus
468 2902 639 2964 hominum
664 2902 725 2965 tria
747 2917 873 2966 tantum
899 2918 1114 2990 superessent
1136 2903 1236 2966 Pom·

167 3005 259 3091 peius
272 3029 374 3091 ‹qttttm
389 3005 431 3067 ob
447 3004 530 3065 banc
544 3004 712 3067 victoriam
729 3003 906 3093 Imperator
919 3004 960 3068 ab
977 3004 1120 3067 exercitu
1131 3003 1237 3092 appel·

169 3105 305 3177 laretur,
332 3106 479 3193 negavit,
500 3104 559 3167 hoc
585 3127 616 3166 se
635 3127 748 3168 nomen
770 3128 958 3193 agnoscere,
981 3104 1079 3170 donec
1100 3106 1234 3171 laertium

166 3219 270 3270 castra
285 3221 409 3269 starent.
431 3205 481 3269 Ad
500 3206 590 3269 bunc
608 3229 741 3294 quoque
757 3209 899 3272 laborem
917 3209 1075 3297 promptis
1093 3209 1233 3283 militum
1260 3272 1263 3277 ,

167 3312 315 3373 manibus
335 3332 413 3372 usus
431 3325 495 3388 est3
513 3325 544 3371 et
559 3331 600 3372 ne
615 3305 733 3373 iterum
749 3310 781 3372 in
800 3311 903 3374 simile
917 3311 1096 3400 periculum
1110 3310 1233 3376 incide·

165 3428 236 3491 ret,
265 3412 410 3497 deposita
435 3410 547 3497 galea,
575 3409 666 3473 nudo
692 3412 795 3499 capite
822 3413 985 3500 pugnavit.
1008 3416 1118 3476 Castra
1140 3430 1231 3502 capta

165 3531 259 3592 sunt3
278 3513 458 3591 Domitius,
474 3511 553 3575 dum
574 3512 659 3575 inter
672 3514 794 3601 primos
809 3530 983 3603 repugnat,
1002 3514 1168 3579 occubuit.
1183 3516 1233 3580 Ci-

164 3618 292 3697 vitates,
317 3639 389 3703 quse
412 3631 558 3702 sequutae
581 3615 791 3679 carbonianas
817 3632 921 3703 partes
947 3618 1094 3696 fuerant,
1115 3630 1232 3704 sponte

163 3718 203 3781 ad
228 3719 421 3805 obsequium
447 3717 577 3781 victoris
600 3734 831 3797 occurrerunt3
858 3718 1022 3781 nonnullae
1045 3719 1075 3780 vi
1094 3735 1231 3809 receptae

165 3837 250 3881 sunt.
271 3823 315 3881 Ut
332 3819 448 3881 deinde
466 3820 681 3908 Hiempsalem
695 3821 730 3884 in
745 3818 907 3885 Numidiae
923 3842 1059 3909 regnum
1077 3821 1230 3885 restitue-

164 3937 228 3999 ret,
248 3922 390 3983 Hiertam
408 3920 492 3983 bello
507 3938 743 4010 persequutus,
757 3923 832 4010 quia
849 3921 993 3986 Domitio
1010 3921 1167 3986 auxilium
1181 3938 1231 3986 tu·

164 4024 260 4099 lerat,
277 4023 310 4083 in
327 4023 435 4110 fugam
456 4024 650 4111 precipitem
668 4025 750 4113 egit3
769 4023 888 4088 deinde
908 4023 1053 4086 immisso
1078 4022 1227 4112 bogude,
1261 4090 1266 4099 ,

163 4123 277 4187 bocchi
303 4123 494 4187 Maurorum
521 4126 604 4214 regis
632 4124 718 4207 lilio,
747 4125 849 4213 copiis
881 4123 1036 4188 omnibus
1063 4123 1227 4211 spoliarit3
1303 4196 1308 4207 ‚

159 4242 324 4314 postremo
341 4225 437 4288 ssuttae
455 4225 642 4306 obsessum,
661 4225 771 4292 dedito
789 4225 848 4290 sibi
864 4224 1003 4313 oppido,
1024 4223 1197 4288 interfecit.
1295 4274 1304 4299 ,

195 4429 211 4493 ς
225 4429 281 4476 XX.
294 4427 400 4475 crotv,
412 4440 454 4469 21.
467 4450 501 4460 -
512 4423 576 4472 Plut.
588 4451 621 4460 -
632 4425 648 4489 s
661 4425 932 4481 xxt.v21.ttax.v1,
946 4441 971 4471 a.
988 4450 1023 4461 --
1036 4426 1110 4472 Oros.
1125 4450 1161 4459 -
1175 4423 1226 4471 Lir.

161 4514 224 4577 Fpit.
235 4538 267 4546 -
278 4509 339 4556 Plut.
348 4536 377 4543 -
389 4508 485 4556 Sallust.
495 4508 556 4556 Hist.
566 4510 589 4565 Ι,
598 4517 620 4563 t.
629 4511 773 4572 -Eutrop
785 4510 952 4559 tat-suet.
959 4509 990 4556 de
1000 4507 1054 4555 Vir.
1061 4507 1096 4557 ill.
1106 4508 1130 4555 in
1139 4510 1225 4569 Pomp.
