2670 5018
345 703 398 771 IN
428 702 545 771 Loc.
569 700 664 768 LIB.
693 698 1047 769 ellinwart:
1145 695 1217 792 715

145 844 278 887 «curam
294 837 396 909 atque
406 819 618 902 industriam,
636 842 734 908 quam
756 836 901 909 tempora
919 835 1028 883 nostra
1052 837 1085 884 et
1104 822 1214 910 reipu-

146 923 260 989 eblicae
276 921 495 989 desiderant.»

188 1025 278 1088 VIII.
296 1025 440 1089 Similem
455 1022 573 1088 deinde
583 1023 624 1087 ad
635 1023 769 1106 milites,
786 1024 842 1110 qui
855 1021 1005 1104 aderant,
1022 1025 1214 1089 concionem

144 1131 276 1212 habuit,
290 1131 360 1194 laeta
375 1132 523 1194 omnium
539 1130 778 1194 acclamatione.
794 1127 918 1193 Eodem
933 1145 1080 1217 tempore
1093 1130 1215 1196 laudati

144 1233 185 1296 ab
201 1232 265 1297 hoc
280 1249 395 1297 senatu
409 1249 486 1297 sunt
499 1232 665 1297 sociorum
676 1230 929 1320 promptissimi;
946 1229 1098 1319 donaque
1113 1247 1145 1295 et
1159 1231 1215 1295 ho·

146 1358 243 1400 nores
270 1333 388 1398 decreti
415 1332 572 1413 Rhodiis,
597 1333 781 1421 Spartanis,
810 1330 1075 1398 Atheniensibus.
1104 1334 1215 1421 thue
1309 1360 1313 1367 ·

142 1436 392 1501 Massiliensium
418 1434 512 1514 lidci,
540 1433 632 1522 quod
653 1449 780 1523 posset,
807 1433 977 1521 preamium
1004 1431 1213 1522 redderetur,

143 1537 333 1617 Phocaeam,
352 1538 409 1600 cui
435 1559 526 1600 suam
552 1537 711 1626 originem
737 1535 875 1600 debebat
896 1535 1055 1616 Massilia,
1079 1534 1212 1601 liberam

143 1663 212 1705 esse
224 1641 402 1720 jusserunt.
418 1639 511 1727 Cotyi
528 1660 678 1725 quoque,
696 1638 753 1725 qui
769 1635 915 1702 Sadalcm
932 1635 1033 1701 filium
1048 1635 1213 1709 cThracia

142 1765 216 1807 cum
235 1742 401 1829 equitibus
419 1740 605 1829 quingentis
624 1741 775 1818 miserat,
793 1755 870 1803 actae
888 1739 1013 1828 gratiae,
1033 1738 1211 1829 reguloque

143 1867 277 1908 munera
292 1844 396 1907 missa.
411 1841 529 1906 lisdem
543 1841 726 1907 honoribus
740 1865 796 1906 rex
810 1843 981 1922 Dejotarus
995 1843 1131 1908 affectus
1144 1858 1210 1922 est,

143 1947 198 2033 qui
215 1961 384 2009 sexcentos
400 1943 578 2008 adduxerat
591 1945 735 2029 equites,
752 1960 783 2007 et
803 1943 1027 2031 thuscipolis,
1046 1966 1143 2030 quem
1160 1965 1211 2007 se·

141 2049 234 2134 qunti
253 2063 344 2110 erant
363 2069 401 2108 ox
420 2044 610 2109 Macedonia
632 2045 776 2109 ducenti.
792 2044 865 2113 -sed
889 2045 993 2109 effusa
1017 2047 1156 2111 maxime
1173 2047 1207 2109 in

137 2149 256 2212 Iubam
278 2149 383 2213 studia
404 2151 556 2226 fuerunt,
578 2147 670 2228 cujus
693 2148 827 2211 victoria
845 2170 994 2236 magnam
1013 2148 1114 2212 civilis
1133 2148 1208 2212 belli

139 2250 339 2340 profligatam
366 2268 489 2339 partem
510 2250 696 2316 credebant.
719 2249 911 2314 Ptolemaeus
932 2272 1066 2337 quoque
1083 2250 1209 2314 Auletae

140 2350 242 2435 lilius,
258 2354 311 2416 cui
328 2368 418 2417 tutor
438 2351 479 2415 ab
500 2369 616 2419 senatu
634 2351 728 2416 datus
746 2352 921 2440 Pompeius
938 2353 1061 2433 luerat,
1078 2346 1134 2416 rex
1148 2374 1207 2440 ap·

138 2455 273 2542 pellatus
300 2471 370 2534 est;
399 2476 557 2540 sororque
591 2454 757 2542 Cleopatra
787 2453 947 2517 abstinere
973 2478 1076 2573 regno
1099 2456 1206 2535 jussa,

137 2554 261 2639 quoda
278 2556 470 2644 propinquis
486 2571 520 2619 et
535 2554 645 2619 amieis
662 2557 753 2643 pueri
772 2572 938 2643 ereptum,
958 2556 991 2619 in
1010 2557 1100 2646 byria
1115 2557 1206 2623 colli·

136 2655 244 2743 gendo
257 2656 385 2744 copias,
404 2657 578 2744 repetitum
593 2657 669 2722 ibat.

180 2757 236 2820 IX.
256 2754 314 2821 His
331 2758 372 2820 ita
389 2757 567 2837 ordinatis,
583 2758 778 2848 Pompeius,
799 2784 902 2848 quum
919 2764 962 2857 ob
980 2780 1107 2850 ternpus
1125 2764 1203 2826 anni

137 2859 400 2922 transmissurum
420 2882 507 2923 marc
525 2862 681 2925 Caesarern
702 2885 769 2923 non
786 2862 1014 2942 arbitraretur,
1031 2864 1202 2927 Thessalo·

135 2960 215 3021 nice
232 2959 374 3022 hiemare
389 2962 612 3026 constituerat.
625 2962 745 3026 Eadem
759 2963 871 3050 opinio
882 2966 1038 3051 praelectis
1051 2965 1199 3044 classium

136 3058 240 3122 fraudi
253 3059 334 3139 luit,
350 3083 416 3146 quo
432 3064 646 3152 negligentius
664 3064 757 3126 litora
771 3064 983 3129 custodirent.
1005 3067 1050 3130 Μ.
1068 3066 1202 3129 Bibulus

135 3183 230 3223 naves
258 3178 390 3223 eentum
419 3161 531 3225 decem
559 3166 706 3250 Corcyrae
731 3164 888 3245 habebat3
914 3165 969 3229 sed
996 3166 1070 3252 quia
1094 3188 1201 3252 neque

135 3285 230 3326 naves
250 3277 400 3341 ornatas,
426 3286 533 3350 neque
558 3265 692 3352 remiges
716 3282 843 3351 paratos
861 3281 1025 3346 tenuerat,
1049 3267 1139 3354 prius
1160 3265 1201 3329 ad

134 3365 354 3428 continentem
376 3369 480 3428 (laesar
504 3366 644 3454 appulit,
665 3389 762 3454 quam
788 3369 916 3431 occurri
938 3384 1056 3455 posset.
1085 3366 1199 3455 Neque

131 3466 298 3530 Lucretius
317 3467 459 3553 Vespillo
479 3483 512 3530 et
530 3468 694 3531 Minucius
714 3470 837 3549 Rufus,
853 3470 910 3557 qui
926 3492 1000 3532 cum
1016 3468 1198 3533 octodecim

130 3568 259 3631 laelianis
276 3568 411 3632 navibus
425 3585 516 3632 erant
532 3569 636 3648 Orici,
653 3592 819 3656 opponere
833 3592 867 3633 se
882 3571 952 3632 ausi
968 3586 1077 3650 erant;
1092 3592 1198 3656 quan·

129 3692 226 3755 quam
239 3673 344 3733 Caesar
356 3670 445 3734 haud
458 3671 566 3758 plures
580 3669 753 3734 duodecim
767 3687 919 3734 rostratas
931 3671 1081 3758 praesidio
1096 3670 1197 3735 duxe-

128 3786 187 3833 rat.
200 3771 303 3859 Igitur
314 3772 466 3852 Bibnlus,
479 3789 648 3860 comperto
660 3774 790 3836 Caesaris
801 3771 961 3852 adventu,
975 3796 1077 3860 quum
1089 3774 1197 3839 adhuc

128 3872 248 3960 aliquas
268 3874 370 3961 excipi
391 3897 487 3938 naves
511 3897 604 3961 posse
626 3892 787 3961 speraret,
810 3875 917 3938 vacuis
937 3875 1099 3955 occurrit,
1115 3898 1195 3963 quas

128 3986 202 4036 cum
219 3975 317 4037 Fusio
335 3970 456 4038 Caleno
477 3975 580 4064 legato
602 3975 810 4040 Brundisium
828 3979 949 4058 Caesar,
972 3976 1011 4040 ad
1029 3993 1194 4065 transpor-

127 4074 239 4137 tandas
256 4075 393 4162 reliquas
410 4076 519 4164 copias
536 4078 711 4140 remiserat.

161 4313 261 4378 §an
280 4317 338 4369 nio,
357 4317 400 4362 lib.
416 4319 525 4380 llLl,p.
541 4320 620 4365 rolict
638 4334 694 4366 rra.
715 4346 747 4353 —
764 4320 854 4367 Lucan.
878 4347 909 4355 —
931 4318 1092 4382 Eutropvl,
1109 4319 1145 4369 til·
1159 4345 1193 4355 -

127 4398 152 4444 I.
166 4400 305 4463 Ampel.-
317 4403 376 4448 Caes
392 4402 418 4447 B.
437 4401 490 4449 Cir.
508 4403 614 4456 lll„liu.
689 4403 767 4449 Strall.
784 4403 826 4450 lib.
847 4405 935 4455 xvll.
952 4420 976 4466 p.
992 4405 1093 4466 79⁶·-
1113 4401 1129 4466 S
1147 4404 1191 4451 lx.

126 4484 236 4546 Appian.
250 4485 303 4531 civ.
318 4485 359 4531 lib.
373 4488 395 4531 ll
403 4521 409 4535 .
420 4503 443 4549 p.
457 4489 514 4541 Illo.
