2670 5018
84 446 94 465 1.

84 548 90 555 .
826 516 834 537 Ι

138 809 1206 842 mmmmfflmmmmmmfflfflm

280 1020 566 1112 JOANNIS
600 1024 1057 1113 FREINSHEMII

188 1275 1159 1418 SUPPLEMENTORUM

365 1579 983 1706 LIVIANORUM
1089 1728 1092 1739 ,

510 1860 688 1938 ursus
726 1860 827 1937 uxr

302 2089 349 2144 IN
375 2086 530 2144 LOCUM
555 2086 676 2141 LIBRI
703 2085 811 2140 XCVI
839 2085 1023 2141 LlVIANl.

476 2339 792 2370 -m-Qffi-
808 2352 823 2356 -
840 2352 862 2358 .-

546 2570 787 2638 ΕΡΙΤΟΜΕ

355 2740 485 2795 nruur
510 2737 813 2794 uouauusrur
837 2740 987 2797 sexus.

138 2875 171 2940 Q.
183 2876 273 2929 Arrius
286 2886 383 2948 pretor
397 2875 522 2937 Crixum,
534 2875 704 2946 lugitivorum
718 2872 829 2938 ducem,
842 2893 902 2928 curu
916 2877 1009 2948 viginti
1023 2878 1142 2934 millibus
1154 2883 1203 2936 ho·

173 2959 272 3013 minum
286 2958 390 3012 cecidit.
404 2960 454 3012 Cu.
463 2959 590 3011 Lentulus
603 2959 696 3011 consul
707 2959 777 3009 male
791 2956 917 3011 adversus
931 2960 1086 3031 Spartacum
1100 2983 1202 3035 pugnu-

172 3044 217 3096 rit.
236 3045 277 3096 Ab
296 3041 389 3096 eodem
407 3044 439 3095 L.
457 3042 558 3094 Gellius
571 3042 663 3094 consul
682 3052 708 3094 et
721 3041 756 3106 Q.
771 3041 862 3094 Arrius
874 3055 971 3113 prator
984 3045 1041 3098 acie
1054 3046 1116 3100 victi
1131 3061 1202 3100 sunt.

172 3129 297 3181 Sertorim
308 3147 324 3180 a
333 3127 381 3179 Μ’.
390 3128 521 3188 Antonio,
535 3138 561 3177 et
571 3126 608 3178 Μ.
620 3126 765 3197 Perperna,
778 3137 803 3176 et
814 3123 872 3178 aliis
884 3129 1029 3199 conjuratis
1042 3128 1070 3181 iu
1080 3131 1203 3183 convivio

172 3211 324 3264 interfectus
341 3222 397 3272 est,
412 3223 506 3263 octavo
519 3210 631 3261 ducatus
650 3209 691 3260 sui
710 3227 799 3272 annu;
819 3227 932 3280 magnus
948 3208 1020 3274 dux,
1036 3224 1061 3264 et
1076 3212 1203 3267 adversus

171 3291 236 3348 duos
250 3295 438 3366 imperatores,
451 3294 604 3364 Pompeium
617 3304 642 3345 et
655 3293 809 3357 Metellum,
823 3311 892 3364 saepe
907 3313 966 3364 par,
984 3293 1024 3347 v'el
1040 3297 1202 3368 frequentius

171 3374 268 3440 ricton
287 3376 321 3429 ad
335 3377 458 3429 ultimum
474 3376 594 3430 desertus
608 3390 633 3429 et
648 3375 778 3448 proditus.
795 3376 941 3447 Imperium
955 3375 1069 3447 partium
1083 3376 1118 3431 ad
1131 3379 1202 3433 Mar·

171 3474 230 3511 eum
248 3461 407 3513 translatum
427 3472 482 3523 est3
502 3478 582 3531 quem
603 3461 654 3512 Cn.
673 3460 813 3531 Pompeius
831 3459 930 3513 victum
948 3463 1203 3533 captumque'inter·

173 3543 245 3606 fecit,
260 3562 291 3597 ae
305 3546 404 3615 recepit
416 3544 556 3615 Hispanias
572 3543 675 3597 decimo
690 3545 745 3596 lere
758 3560 844 3605 anno,
862 3561 944 3613 quam
957 3554 1070 3613 coepturn
1081 3556 1137 3598 erat
1147 3546 1201 3599 bel·

169 3623 233 3679 lum.
254 3628 286 3679 C.
307 3629 415 3681 Cassius
435 3629 579 3699 proconsul
607 3639 632 3679 et
656 3628 707 3679 Cu.
729 3626 844 3679 Manlius
864 3638 962 3697 praetor
980 3624 1050 3678 male
1072 3618 1198 3682 aduersus

170 3707 324 3780 Spartam
346 3723 549 3783 pugnaverunt;
571 3710 650 3783 idque
670 3711 770 3762 bellum
793 3710 832 3762 M.
851 3710 947 3762 Crasso
967 3710 1073 3782 praetori
1095 3712 1202 3769 manda·

170 3802 225 3845 turn
244 3805 290 3846 est.

137 3979 160 4043 l.
180 3945 284 4047 Hac
299 4005 339 4046 eo
358 4004 445 4045 anno
460 3998 568 4069 gesta:
585 3997 618 4044 et
634 3980 709 4068 quia
726 3978 868 4043 funestas
883 4002 942 4069 per
957 3979 1083 4044 Italiam
1096 3980 1201 4050 clades

136 4100 304 4146 senescens
321 4083 499 4163 Sertorius,
513 4099 545 4146 et
556 4082 680 4146 Luculli
694 4103 744 4145 res
759 4078 910 4144 florentes
924 4081 1125 4166 relevabant,
1140 4087 1201 4149 mi·

135 4203 212 4248 nore
232 4203 443 4250 externorum
459 4209 552 4265 cura,
570 4184 670 4248 animi
681 4182 722 4246 ad
734 4183 877 4271 Spartaci
890 4183 1103 4273 opprimenda
1118 4185 1201 4250 bella

133 4286 234 4368 versi3
259 4302 325 4349 tam
348 4287 458 4352 validis
477 4288 544 4367 jam
565 4286 776 4373 fugitivorum
798 4285 935 4372 opibus,
953 4301 990 4349 ut
1007 4285 1049 4349 ad
1069 4303 1199 4373 septua-

133 4385 219 4473 ginta
239 4403 439 4452 armatorum
457 4389 555 4451 millia
574 4403 699 4470 essent3
717 4387 785 4451 bini
802 4387 980 4467 exercitus,
997 4386 1200 4479 totidemque

132 4485 231 4552 duces
255 4489 382 4556 ltaliam
407 4504 668 4581 pervagarentur.
694 4488 816 4578 Igitru,
837 4509 1024 4575 quanquam
1041 4486 1200 4551 ambobus

131 4587 324 4657 consulibus
341 4592 511 4659 decretum
528 4590 562 4658 id
575 4591 698 4658 bellum
715 4612 790 4655 cum
809 4586 936 4653 duabus
952 4584 1137 4674 legionibus
1151 4606 1201 4649 es·

252 4696 296 4765 Χ.
967 4710 1009 4783 ¹9
