2670 5018
147 751 192 835 64
323 755 389 820 JO.
416 752 750 824 FREINSIIEMII
778 755 1019 824 SUPPLEM.

192 875 266 938 XII.
285 871 408 954 «Quod
430 873 457 936 si
480 873 552 960 quis
576 872 722 938 diffidere
744 874 850 954 malit,
875 891 907 937 et
927 896 1068 964 praesago
1089 877 1200 941 animo

147 1010 160 1033 a
170 978 354 1040 futurorum
370 976 529 1038 malorum
546 976 751 1040 acerbitatem
766 997 930 1056 enarrare,
945 977 973 1039 ei
987 976 1051 1040 boc
1064 978 1134 1042 fore
1150 1001 1201 1043 oo·

147 1076 354 1167 «gisandum,
371 1099 477 1163 neque
494 1077 546 1139 illa
564 1077 692 1158 evitan,
708 1077 769 1141 hac
783 1076 912 1164 quidem
926 1078 1067 1160 ratione,
1084 1095 1117 1143 et
1131 1102 1202 1167 pro·

147 1211 159 1234 «
170 1179 275 1242 vocari
291 1193 442 1265 praeterea
458 1179 551 1266 plura
571 1200 675 1265 posse.
690 1177 767 1241 Non
785 1178 829 1240 ita
845 1200 920 1241 cum
937 1178 1032 1242 rebus
1050 1179 1200 1244 humanis

147 1281 237 1368 «agi,
256 1295 292 1342 ut
307 1279 454 1366 quolibet
469 1294 615 1368 tempore
628 1280 728 1343 teneri
746 1285 925 1366 queat‘tuta
938 1296 970 1343 et
984 1281 1201 1367 periculorum

147 1403 280 1468 «expers
292 1381 342 1442 via
353 1403 360 1443 :
372 1381 565 1468 plerumque
579 1380 620 1444 de
632 1403 671 1446 eo
685 1379 911 1446 tantummodo
927 1379 1112 1464 deliberari,
1127 1400 1202 1448 utro

146 1512 159 1537 ιι
170 1479 268 1544 modo
279 1480 479 1544 miseriarum
489 1480 530 1543 sit
540 1481 688 1546 futurum
698 1481 816 1547 minus.
826 1482 908 1546 Sane
917 1505 984 1546 non
994 1505 1063 1548 esse
1071 1485 1201 1549 inanem

146 1613 159 1637 «
171 1597 294 1644 metum
312 1603 442 1660 eorum,
461 1581 517 1667 qui
530 1582 765 1646 vehementiam
784 1583 912 1662 Cinnae,
928 1584 984 1670 qui
999 1586 1202 1673 asperitatem

147 1683 263 1748 «Marii
276 1682 428 1746 timeant:
441 1681 513 1764 sed,
527 1698 565 1746 ut
577 1683 686 1747 omnia
699 1706 796 1771 quam
809 1683 934 1771 possint
946 1685 1123 1771 procedant
1135 1709 1204 1774 pes-

146 1785 267 1864 asime,
284 1783 317 1845 in
334 1804 454 1870 paucos
467 1783 551 1847 forte
567 1785 779 1871 expetituram
797 1784 1024 1865 calamitatem
1043 1787 1200 1875 populum

145 1902 255 1949 «certe
271 1906 461 1965 romanum,
479 1874 666 1972 Urbemque
684 1885 718 1948 in
736 1901 808 1949 tuto
826 1884 906 1949 fore.

189 1988 281 2050 XIII.
301 1987 437 2072 «Neque
453 1986 533 2049 scire
552 1986 657 2074 ipsos,
678 1987 734 2073 qui
757 1986 841 2050 hanc
864 1986 1056 2050 sententiam
1074 1986 1200 2068 dicant,

146 2120 159 2144 a
169 2105 323 2151 utrumne
336 2087 466 2150 illorum
481 2087 637 2176 sanguine
650 2087 763 2151 satiare
777 2086 985 2174 cupiditatem
997 2089 1131 2153 ultionis
1145 2090 1202 2153 ini·

144 2190 240 2253 «mici
257 2189 357 2255 velint
378 2212 385 2251 :
405 2187 462 2252 sed
481 2189 524 2253 ita
540 2189 737 2269 existimare,
755 2188 815 2252 sibi
832 2187 1001 2251 subeunda
1019 2191 1130 2277 potius
1146 2213 1200 2255 ex·

144 2309 266 2355 «trema
276 2290 383 2354 omnia
396 2311 474 2370 esse,
484 2305 521 2352 ut
529 2289 649 2352 Urbem
663 2306 800 2367 servent,
810 2310 907 2376 quam
917 2290 1199 2369 committendum,

144 2411 220 2473 «ut,
235 2416 300 2455 suae
312 2390 539 2454 incolumitatis
551 2390 666 2477 gratia,
679 2388 912 2475 rempublicam
924 2388 1201 2476 ineprIcabilibus

144 2494 258 2557 antelis
273 2493 444 2554 involvisse
453 2487 613 2553 dicantur.
627 2490 766 2553 Mortem
781 2489 881 2552 cuivis
897 2489 1096 2554 tolerandam
1113 2513 1200 2573 esse;

145 2594 295 2672 «felices,
320 2592 375 2677 qui
397 2589 441 2653 ob
465 2591 600 2679 patriam
624 2589 836 2678 oppetierint,
858 2589 1015 2654 feliciores
1038 2593 1201 2674 etiam‚si

145 2706 368 2756 «antevertant
387 2705 595 2777 avertantque
617 2690 729 2778 populi
749 2689 872 2754 cladem
891 2714 899 2754 :
918 2692 990 2770 cui,
1010 2693 1036 2755 si
1055 2694 1202 2757 trahatur

144 2792 309 2872 nobsidi0,
325 2793 407 2854 fame
427 2787 630 2878 pereundum
647 2791 704 2872 sit;
722 2792 749 2854 si
764 2793 941 2879 pugnando
958 2793 1066 2858 vincat
1082 2794 1202 2875 hostis,

144 2895 263 2958 «ferra.
282 2891 382 2974 Quod
397 2892 423 2954 si
437 2891 521 2955 forte
532 2892 643 2955 Cinnae
661 2909 718 2956 aut
734 2893 826 2956 Marii
843 2910 990 2980 suspecta
1005 2895 1201 2981 quibusdam

145 2997 210 3059 «sit
226 2994 325 3074 fides,
342 2995 441 3083 pactis
456 2994 608 3084 obligari,
627 3010 660 3057 et
677 2994 887 3073 jurejurando
906 3016 1026 3082 posse:
1048 3012 1081 3060 et
1102 3013 1141 3060 ut
1157 2999 1203 3061 sic

145 3119 300 3185 «quoque
324 3117 392 3159 non
415 3094 524 3158 omnia
546 3094 764 3182 respondeant
782 3095 882 3175 votis,
908 3095 1069 3159 mitiorem
1093 3114 1200 3163 tamen

144 3198 287 3287 «sperari
304 3199 460 3260 victorem
481 3219 592 3284 posse,
611 3191 663 3259 cui
681 3196 882 3260 conditiones
903 3210 936 3258 ct
955 3217 1084 3282 preces,
1102 3222 1201 3286 quain

144 3300 218 3362 «cui
235 3321 322 3363 arma
337 3298 560 3386 opposueris.»

187 3400 273 3464 XIV.
296 3400 353 3462 His
370 3416 468 3487 atque
484 3399 601 3462 talibus
618 3398 729 3485 pauci,
751 3413 782 3460 et
803 3400 961 3486 praecipue
976 3400 1017 3479 Q.
1029 3399 1202 3483 Metellus,

142 3502 351 3567 obsistebant.
368 3500 513 3563 «Vellem
531 3497 701 3585 equidem,
718 3498 840 3584 inquit,
864 3515 919 3562 aut
934 3498 1057 3562 civibus
1081 3502 1208 3565 nostris

142 3635 153 3657 a
166 3603 336 3681 modestia,
348 3616 404 3664 aut
412 3601 537 3665 senatui
546 3598 673 3662 animus
683 3597 893 3662 constitisset:
907 3600 994 3663 nulla
1005 3600 1203 3665 exstitissent

142 3705 266 3767 ucivilia
280 3702 375 3782 bella,
394 3718 450 3765 aut
466 3722 647 3789 compressa
661 3700 693 3762 in
709 3694 780 3786 ipso
794 3701 1077 3780 exortufuisseut3
1092 3724 1202 3790 neque

141 3826 224 3866 «nos
242 3826 333 3866 novae
350 3802 588 3866 deliberationis
605 3822 781 3890 egeremus.
798 3800 862 3865 Sed
880 3801 954 3888 quia
974 3800 1104 3887 pessimi
1126 3805 1209 3890 qui-⁷

141 3938 153 3961 «ι
164 3927 228 3993 que
244 3904 353 3967 onmia
367 3903 505 3983 audent,
522 3903 600 3967 boni
615 3903 724 3965 omnia
739 3900 931 3980 l'ormidunt;
951 3901 985 3962 in
999 3900 1090 3966 hunc
1101 3906 1202 3969 nimi·

141 4030 236 4071 «rum
258 4021 377 4068 statum
401 4026 450 4067 res
471 4005 636 4093 pervenit,
656 4019 693 4066 ut
712 4005 797 4090 leges
813 4002 853 4065 ab
870 4001 919 4064 his
941 4024 1097 4090 cogamur
1115 4007 1204 4070 acci-

142 4132 257 4198 «pere,
275 4108 411 4196 quibus,
433 4107 459 4168 si
482 4106 568 4194 leges
588 4107 748 4188 valerent,
767 4104 875 4167 nullus
895 4119 980 4165 esset
999 4106 1201 4170 consistendi

140 4227 231 4274 «tota
254 4210 342 4273 Italia
366 4209 465 4271 locus.
488 4206 569 4270 Mihi
591 4228 668 4271 sane
691 4207 787 4270 etiam
812 4205 927 4266 servari
945 4207 1201 4292 rempublicam,

140 4313 286 4375 «consuli
303 4310 444 4388 civibus,
460 4307 632 4395 percivitur
648 4324 697 4372 tot
711 4306 865 4384 millium,
884 4306 969 4390 parci
985 4306 1201 4373 incolumitati

76 4428 77 4433 ’
140 4415 264 4501 «placet
278 4436 285 4476 :
304 4411 360 4475 sed
376 4432 443 4475 sera
460 4410 528 4472 haeo
542 4425 605 4489 est,
619 4424 789 4497 postquam
803 4404 891 4467 nulla
904 4405 997 4468 nobis
1013 4422 1112 4469 restat
1127 4432 1201 4494 quae

141 4515 279 4578 «seruari
290 4511 468 4601 respublica
479 4512 589 4599 possit,
598 4508 799 4587 deliberati03
811 4521 842 4568 ct
855 4505 996 4592 reliquiis
1008 4505 1077 4584 ejus
1088 4532 1202 4595 quem-
