2670 5018
291 798 346 866 m
375 797 490 865 soc.
514 798 608 864 rra.
636 798 723 866 clv
751 798 966 866 alvarus.
1090 767 1161 867 523'

98 950 111 974 u
121 940 189 981 non
210 916 392 998 dubitaret,
411 939 575 1005 quamque
588 918 771 1004 praetoriam
787 934 870 981 esset
888 918 1056 982 cohortem
1069 918 1161 982 habi·

97 1036 223 1083 «turus.
235 1050 248 1074 ιι
260 1020 328 1082 Hac
340 1019 485 1082 oratione
498 1016 633 1082 mirifica
645 1019 856 1082 commutatio
869 1019 1052 1083 animorum
1063 1019 1159 1100 facta;

97 1138 129 1185 et
141 1144 244 1209 quum
258 1122 291 1184 in
306 1122 423 1210 vulgus
436 1120 591 1201 militum,
606 1143 678 1208 quae
692 1136 784 1183 crant
796 1119 880 1184 dicta
890 1143 909 1183 a
921 1122 1062 1202 Caesare,
1077 1142 1162 1184 ema·

97 1237 246 1302 nassent,
264 1243 336 1311 pars
352 1221 502 1285 laudibus
519 1222 722 1309 imperatoris
740 1221 908 1285 alacriores
928 1221 1047 1285 redditi
1062 1239 1160 1302 sunt,

96 1322 200 1386 caeteri
219 1321 260 1385 ad
278 1323 516 1386 aemulationem
537 1321 681 1402 ejusdem
701 1322 826 1387 decoris
842 1323 976 1387 incitati.
996 1324 1111 1387 Statim
1128 1338 1161 1387 et

97 1422 220 1486 decima
240 1423 324 1512 legio
346 1446 404 1511 per
422 1424 573 1487 tribunos
591 1424 731 1487 militum
752 1425 867 1512 gratias
884 1424 964 1513 egit,
983 1423 1071 1512 quod
1084 1424 1162 1487 berte

96 1524 136 1587 de
144 1548 175 1587 se
174 1524 374 1612 judicasset
360 1540 546 1613 imperator
561 1541 594 1588 et
606 1525 737 1613 reliquae
750 1526 930 1590 satisfacere
945 1524 1160 1606 studuerunt,

97 1649 193 1715 neque
204 1627 360 1690 dubitasse
369 1650 530 1715 unquam,
549 1643 607 1693 atet
617 1629 771 1691 timuisse·
759 1650 885 1715 ,neque
896 1627 937 1690 de
948 1650 1073 1691 summa
1087 1625 1163 1690 belli

95 1752 204 1808 suum,
224 1730 307 1792 sed
294 1734 506 1818 imperatoris,
523 1752 585 1792 esse
589 1730 751 1817 judicium
765 1729 997 1794 aestimavisse.

140 1831 262 1895 XXXI.
293 1830 347 1895 lta
366 1832 491 1912 Caesar,
517 1830 655 1912 eodem,
683 1854 750 1919 quo
777 1830 988 1919 praedixerat,
1015 1846 1162 1917 tempore

96 1932 206 1995 castris
224 1933 340 2012 motis,
363 1954 465 2019 quum
488 1933 551 1995 iter
576 1931 666 1995 nullo
689 1931 742 1995 die
764 1932 1003 2012 intermisisset,
1021 1929 1162 2018 septimo

96 2034 203 2120 copias
230 2034 381 2097 Ariovisti
406 2040 485 2096 non
499 2034 627 2123 longius
651 2055 803 2120 passuum
827 2048 968 2120 quatuor
991 2049 1023 2095 et
1046 2030 1161 2119 viginti

96 2133 236 2196 millibus
263 2133 374 2197 abesse
400 2134 566 2197 intellexit.
590 2135 770 2199 Ariovistus
795 2134 892 2197 etiam
914 2133 1008 2198 celeri
1030 2133 1161 2195 Caesaris

95 2256 241 2317 accessu,
259 2258 358 2323 quem
374 2258 470 2299 suum
487 2234 663 2299 adventum
681 2236 734 2299 vix
752 2235 1012 2324 praestolaturum
1026 2249 1162 2319 putave-

95 2352 161 2416 rat,
186 2359 253 2400 non
275 2337 356 2399 nihil
376 2353 558 2400 commotus
576 2354 634 2401 est.
655 2336 781 2401 Idcirco
803 2338 914 2427 legatis
935 2336 1056 2415 missis,
1073 2335 1162 2423 quod

94 2451 190 2501 antea
200 2441 333 2525 petitum
354 2462 377 2501 a
401 2437 525 2502 Ccesare
543 2439 733 2526 colloquitur
750 2452 844 2517 esset,
861 2438 926 2526 ejus
941 2459 1024 2499 nunc
1040 2438 1161 2499 verrios

95 2541 376 2625 opportunitatem,
401 2539 561 2621 ostendit,
576 2544 705 2627 propius
719 2543 803 2603 sister
819 2563 850 2603 se
863 2541 1047 2625 congressis,
1067 2551 1097 2599 et
1109 2560 1159 2599 re·

96 2653 180 2701 mota
195 2643 366 2728 suspt'eiorse
371 2640 519 2728 periculi.
532 2641 711 2717 Convenit,
726 2658 765 2704 ut
776 2641 810 2703 in
825 2639 911 2703 diem
929 2638 1081 2726 quintum
1096 2638 1160 2701 col-

94 2739 313 2826 loquerentur.
323 2742 449 2804 Interea
455 2764 559 2828 quum
570 2743 657 2804 ultro
665 2743 811 2827 citroque
821 2742 917 2828 legati
927 2755 1158 2821 commearent,

94 2841 270 2911 Ariovistus
286 2843 439 2930 negabat,
455 2865 489 2906 se
502 2859 678 2906 venturum
690 2841 732 2905 ad
743 2842 942 2929 colloquium
957 2864 1043 2923 esse,
1060 2843 1086 2904 si
1100 2863 1159 2928 pe·

95 2941 175 3005 dites
187 2946 291 3007 Caesar
303 2942 499 3008 adduxisset.

137 3044 276 3105 XXXII.
305 3045 430 3124 Caesar,
455 3045 545 3132 quod
570 3068 678 3132 neque
699 3045 769 3108 tolli
792 3046 992 3132 colloquium
1010 3043 1158 3123 volebat,

96 3164 201 3229 neque
231 3164 322 3204 suam
351 3144 486 3208 salutem
509 3146 597 3233 gallis
619 3145 784 3232 equitibus
811 3145 960 3225 credere,
982 3145 1078 3223 jussit
1103 3166 1158 3207 eos

94 3243 236 3330 praebere
255 3242 410 3307 militibus
426 3267 443 3307 e
456 3245 582 3333 legione
598 3245 722 3309 decima
736 3268 854 3331 equos,
869 3245 988 3331 quibus
1003 3244 1159 3306 militibus

94 3366 191 3429 quam
208 3343 345 3411 maxime
362 3342 554 3410 confidebat.
574 3344 670 3408 Unde
685 3369 746 3409 nec
761 3344 900 3408 absurde
918 3343 1049 3431 quidam
1063 3342 1159 3406 decu·
1241 3342 1243 3347 ’

95 3467 266 3507 manorum
276 3493 284 3526 ,
292 3446 388 3533 plus,
407 3467 502 3533 quam
509 3445 670 3534 pelliciam
686 3460 777 3525 esset,
784 3443 900 3532 facem
918 3444 1091 3522 Coesarem,
1108 3442 1159 3507 di·

94 3547 156 3626 xit3
169 3544 347 3634 pollii-mem
367 3548 401 3608 in
423 3547 558 3609 cobortes
569 3550 732 3634 praetoriae
751 3547 819 3610 loeo
835 3544 989 3608 decinam
1007 3543 1159 3629 legionem

93 3647 271 3711 habueram
280 3695 290 3726 ,
309 3648 356 3710 ad
372 3670 486 3736 equum
502 3648 674 3712 rescribere.
692 3647 864 3735 Congressi
883 3660 960 3708 sunt
979 3645 1014 3708 in
1028 3646 1158 3733 conspi-

93 3770 156 3811 cuo
175 3751 321 3830 tumulo,
346 3772 443 3836 quem
457 3765 570 3837 patens
582 3747 728 3834 undique
739 3747 886 3835 planities
896 3747 1039 3810 ambibat
1050 3770 1058 3810 ε
1071 3748 1159 3834 equi·

12 3899 15 3909 .
94 3864 178 3912 tatus
196 3851 349 3939 utrinque
367 3851 408 3914 ad
430 3874 541 3939 passus
562 3850 721 3914 ducentos
742 3850 887 3930 abstitit;
906 3845 981 3913 dein
1001 3850 1041 3914 ad
1061 3851 1158 3915 collo·

92 3952 207 4038 quium
238 3952 368 4017 adducti
401 3970 487 4016 sunt.
519 3952 632 4034 Quum
661 3954 765 4016 Cesar
791 3952 948 4039 imperare
976 3951 1156 4038 quidlibet,

92 4052 273 4114 Ariovistus
290 4053 468 4118 concedere
487 4054 570 4117 nihil
587 4054 700 4135 vellet,
719 4070 751 4117 et
769 4054 899 4116 interim
921 4053 1076 4117 Germani
1094 4055 1157 4119 tela

91 4151 250 4232 conjicere
270 4152 303 4216 in
326 4155 519 4219 Caesarianos
535 4155 733 4243 inciperent,
748 4154 945 4243 diremptum
961 4158 1031 4220 sine
1047 4159 1156 4220 fructu

91 4253 291 4341 colloquium
315 4271 375 4318 est.

124 4456 140 4518 S
155 4460 238 4508 XXX.
253 4460 316 4509 Plut.
332 4488 367 4497 --
382 4461 439 4510 Dio.
457 4489 492 4498 -
507 4466 591 4512 Front.
606 4465 649 4521 tv,
666 4466 691 4523 5,
712 4481 750 4512 rr.
765 4493 797 4503 -
814 4467 874 4515 Caes.
896 4492 930 4502 -
950 4464 1077 4530 §XXXX
1092 4463 1154 4510 Plut.

91 4566 124 4575 -
139 4541 195 4591 Dio.
209 4571 242 4580 —
254 4545 316 4593 (lae.
334 4573 368 4582 -
383 4545 491 4610 Appiam.
502 4547 569 4611 apud
583 4547 649 4596 Fulr.
659 4550 715 4597 Ure.
