2670 5018
267 759 321 827 in
351 739 462 826 noc.
489 759 584 827 arn.
613 759 783 826 xcvm
813 761 1024 829 nimam.
1111 759 1182 858 349

111 879 230 959 ramis,
256 879 345 941 velut
369 878 498 967 publica
524 878 781 966 comploratione
807 879 967 966 populum
994 882 1179 962 movebant.

112 982 204 1043 Cotta
215 979 334 1043 deinde
349 1002 451 1067 pauca
465 1003 525 1067 pro
536 1003 570 1043 se
581 980 741 1066 loquum,
757 978 841 1042 etad
854 980 968 1066 populi
980 981 1108 1061 jussum
1122 1007 1181 1048 vo-

113 1098 225 1163 cante,
245 1104 380 1170 surgens
398 1081 523 1163 Carbo,
541 1082 663 1170 «Capi‚
680 1082 806 1169 inquit,
825 1081 1029 1163 Heracleam,
1048 1107 1115 1148 non
1130 1109 1183 1149 ex·

113 1184 237 1247 «scindi
249 1183 404 1264 jussimus
418 1216 439 1247 ».
761 1190 764 1197 ’
1140 1206 1142 1210 “

156 1287 269 1350 LXIV.
286 1287 362 1350 Aliis
377 1309 510 1374 quoque
524 1290 652 1351 Cottam
668 1285 910 1367 incusantibus,
928 1287 1093 1374 praecipuo
1106 1289 1183 1351 Car·

114 1385 206 1450 bonis
222 1386 331 1450 studio
348 1387 519 1452 damnatus
537 1405 595 1452 est.
616 1389 737 1452 Exsilio
755 1405 862 1452 tamen
881 1390 1035 1470 remisso,
1054 1406 1184 1454 senato·

114 1487 166 1549 riis
179 1488 362 1576 insignibus
377 1489 496 1569 caruit3
516 1490 714 1555 Heracleotis
733 1514 808 1579 ager
826 1507 1024 1578 portusque,
1045 1509 1077 1555 et
1095 1496 1185 1580 quod

113 1589 144 1652 in
162 1591 242 1653 mari
257 1590 337 1669 juris
352 1591 550 1673 habuerant,
568 1592 753 1675 redditum;
776 1594 952 1680 civitasque
973 1595 1073 1658 libera
1095 1619 1185 1680 esse,

114 1709 144 1755 et
157 1693 224 1755 suis
242 1693 289 1755 uti
305 1693 447 1781 legibus,
461 1693 549 1771 jussa
563 1709 621 1758 est.
637 1695 678 1757 At
696 1694 852 1758 Lucullus
874 1695 1067 1782 imperator,
1086 1697 1184 1762 rebus

114 1793 261 1881 gerendis
281 1795 444 1875 intentus,
461 1817 529 1857 non
548 1796 645 1858 armis
662 1796 781 1877 modo,
799 1795 854 1859 sed
869 1797 1001 1875 justitiae
1020 1814 1052 1861 et
1065 1799 1184 1873 huma·

114 1896 219 1960 nitatis
230 1896 437 1960 blandissima
445 1897 645 1976 viBarbaros
655 1896 835 1985 subigebat.
847 1898 1084 1984 Tigranocertis
1102 1902 1184 1965 mul-

113 2011 158 2060 tas
179 1997 305 2061 nobiles
326 1997 463 2060 feminas
488 2013 595 2084 captas
611 1997 839 2061 honestissime
856 1999 1013 2063 babuerat
1029 2025 1036 2064 :
1054 2025 1112 2088 per
1126 2004 1184 2067 has

113 2100 215 2162 mariti
236 2123 346 2163 earum
365 2098 498 2163 adducti
517 2115 596 2163 sunt
611 2100 645 2161 in
663 2097 782 2181 fidem3
800 2120 883 2184 quos
902 2099 987 2162 inter
1002 2103 1184 2184 Antiochus

113 2202 340 2293 Commagene
363 2225 419 2265 rex
442 2201 524 2278 fuit,
550 2217 581 2264 et
605 2200 737 2289 regulus
760 2200 904 2264 Arabum
928 2200 1184 2271 Alchaudonius.

113 2304 270 2368 Armeniae
282 2326 416 2392 quoque
430 2303 540 2366 multae
556 2317 662 2390 partes
678 2322 712 2363 se
726 2298 938 2380 dediderunt,
955 2300 1185 2387 Sophenorum

113 2421 179 2469 tota
197 2406 304 2486 natio,
323 2423 354 2469 et
370 2405 454 2494 regis
472 2405 522 2467 sui
539 2426 649 2467 casum
667 2401 782 2465 acerbe
799 2401 939 2464 ferentes
956 2401 1134 2490 Gordyeni.

155 2508 252 2572 LXV.
278 2508 454 2570 Zarbienus
476 2507 502 2569 is
525 2508 648 2586 luerat,
664 2504 731 2585 jam
751 2519 789 2566 ut
803 2501 1028 2591 praediximus,
1046 2528 1105 2594 per
1121 2510 1183 2597 Ap.

112 2608 281 2673 Claudium
309 2610 482 2690 adjunctus
505 2609 662 2689 Lucullo,
685 2623 719 2669 et
742 2605 806 2670 hoc
832 2605 986 2688 crimine,
1009 2622 1182 2694 postquam

112 2731 161 2774 res
178 2711 307 2800 prodita
323 2728 390 2792 est,
409 2711 449 2775 ab
467 2711 606 2800 Tigrane
623 2710 848 2797 interemptus.
870 2708 955 2771 Huic
972 2709 1114 2798 insignes
1129 2734 1183 2774 ex·

113 2813 238 2899 sequias
266 2813 419 2877 Lucullus
447 2813 544 2900 lecit,
568 2814 706 2875 amicum
730 2813 908 2899 sociumque
927 2812 1044 2898 populi
1057 2816 1186 2877 romani

111 2914 286 3001 appellans,
302 2932 621 3005 monumentumque
640 2914 758 2977 locavit
771 2912 1090 3000 splendidissimum:
1106 2940 1181 2980 nam

112 3014 142 3075 in
168 3017 326 3079 thesauris
345 3017 414 3096 ejus
438 3017 508 3079 auri
525 3016 720 3104 argentique
735 3037 885 3104 magnam
908 3015 974 3078 vim
999 3035 1181 3103 repererat;

111 3134 260 3204 praeterea
283 3117 407 3182 conditi
431 3117 465 3178 in
486 3117 612 3180 horreis
635 3115 791 3178 frumenti
813 3112 1055 3178 medimnorum
1074 3117 1182 3181 tricies

111 3234 244 3282 centena
258 3219 367 3282 millia.
384 3217 530 3305 Cognitis
546 3214 665 3280 deinde
680 3237 793 3303 regum
808 3214 848 3277 ad
863 3214 1035 3278 Phraatem
1049 3216 1183 3303 legatio·

111 3321 225 3397 nibus,
249 3323 317 3409 ipse
337 3342 470 3406 quoque
490 3319 653 3382 sociorum
671 3316 848 3380 nonnullos
864 3314 905 3378 ad
922 3338 998 3378 eum
1016 3317 1125 3398 misit,
1145 3333 1183 3382 ut

109 3423 280 3484 amicitiam
298 3421 326 3483 ei
344 3440 511 3481 romanam
528 3417 692 3480 utiliorem
707 3416 794 3480 bello
809 3416 878 3478 fore
894 3414 1114 3480 ostenderent.

153 3525 267 3585 LXVI.
282 3519 438 3599 Parthus,
452 3518 599 3604 utrisque
611 3540 668 3604 spe
680 3516 840 3580 societatis
853 3517 935 3579 clam
948 3515 1048 3597 facta,
1061 3517 1182 3604 legatos

111 3622 241 3684 dimisit.
266 3618 395 3684 Deinde
411 3642 513 3706 quum
535 3618 651 3681 missus
668 3641 686 3681 a
700 3617 837 3682 Lucullo
856 3617 1006 3682 Sextilius
1022 3620 1180 3707 venisset,

111 3723 216 3784 virum
234 3721 404 3784 militarem
421 3719 461 3783 ad
480 3717 712 3809 speculandum
730 3718 872 3807 regionis
887 3719 1071 3807 viriumque
1088 3721 1180 3786 habi·

113 3839 182 3886 tum
196 3824 364 3888 accessisse
376 3823 575 3911 suspicatus,
588 3843 694 3907 neque
706 3814 865 3908 promissa
881 3821 1036 3885 Romanis
1047 3823 1162 3889 auxilia
1170 3838 1184 3909 ,'

110 3949 218 4012 neque
240 3941 352 3990 contra
371 3949 427 3990 eos
445 3924 576 4015 regibus
594 3923 702 4003 misit;
721 3919 830 4009 quod,
848 3922 907 3986 illis
925 3924 1011 3987 inter
1025 3947 1095 3990 sese
1110 3927 1180 3992 bel·

108 4029 273 4109 lantibus,
298 4028 358 4092 sibi
383 4028 600 4092 certissimum
624 4047 699 4088 cum
724 4025 895 4089 securitate
919 4027 1179 4094 emolumentum

107 4131 331 4219 pollicebatur.
350 4130 465 4217 Neque
488 4127 648 4217 impunita
666 4127 696 4190 ei
721 4126 838 4190 astutia
866 4145 1031 4209 maneret,
1052 4129 1086 4190 ni
1112 4130 1180 4191 Lu·

107 4235 183 4298 culli
198 4234 345 4297 animum
361 4231 487 4321 ignavia
503 4247 536 4295 et
551 4228 667 4294 seditio
684 4228 830 4293 militaris
841 4228 1050 4294 destituisset.
1064 4230 1179 4309 Quum

141 4439 158 4504 s
179 4442 270 4487 uun.
290 4440 347 4487 nto.
364 4466 399 4475 -
412 4440 467 4488 vn.
489 4440 557 4488 uu.
569 4441 603 4498 V,
625 4448 697 4500 t‚·t-
716 4467 749 4477 -
769 4441 896 4488 memnon.
915 4433 985 4498 -s
1006 4432 1097 4480 Lm·-
1115 4427 1179 4476 rtur.

108 4550 141 4559 -
154 4523 280 4587 xiphilin.
294 4523 402 4581 -uto‚
419 4524 462 4575 tn.
473 4524 583 4603 ων.
