2670 5018
104 694 109 700 ’
141 727 188 798 80
316 731 383 799 so.
409 726 744 798 raarnsnnun
776 725 1021 798 sonatan.

75 856 77 860 ’
141 852 306 941 absumpta
330 865 447 928 essent,
472 873 536 914 uon
557 850 710 914 deteriora
733 849 936 915 redditurum.
960 849 1079 939 Caphis
1100 870 1204 938 mum

140 955 280 1018 venisset
291 952 453 1039 Delphos,
469 951 615 1016 auditum
629 973 673 1015 ex
685 950 791 1038 adytis
806 952 938 1016 cubaria
951 974 1061 1015 sonum
1077 952 1206 1040 scripsit

142 1055 256 1136 Sullae3
280 1053 467 1141 accepitque
486 1074 696 1141 responsum,
712 1052 903 1140 gaudentes,
926 1076 991 1116 reon
1013 1052 1206 1140 irtdtguantis

141 1178 203 1220 esse
217 1169 343 1219 cantum
355 1178 367 1218 .·
381 1168 489 1243 ageret
498 1157 609 1242 igitur,
626 1166 657 1219 et
666 1159 792 1220 numine
797 1155 936 1243 propitio
951 1176 1076 1217 sacrum
1089 1177 1205 1218 aarum

140 1272 367 1346 argentumque
378 1257 426 1320 ad
435 1279 466 1320 se
477 1256 639 1345 deportare
648 1281 687 1321 ne
697 1256 864 1321 dubitaret.
873 1256 988 1319 Postea
1000 1277 1134 1343 quoque
1147 1277 1206 1344 per

136 1358 248 1438 jocum
269 1357 429 1421 dictitasse
450 1358 576 1439 ferunt,
595 1358 739 1423 dubt'tare
755 1381 787 1422 se
804 1381 870 1422 nou
883 1379 974 1446 posse
995 1357 1035 1420 de
1050 1359 1203 1439 ut'ctort'a,

140 1460 198 1546 qui
209 1458 502 1548 deorumstipeudio
514 1457 671 1524 militaret.
1227 1444 1230 1449 ¹

185 1561 244 1624 IX.
256 1562 334 1624 Erat
345 1560 430 1623 inter
440 1582 553 1649 regum
565 1559 700 1647 donaria
710 1559 835 1624 dolium
849 1576 1057 1650 argenteum,
1071 1582 1108 1623 ea
1119 1559 1206 1625 mole

140 1684 178 1726 ac
189 1658 349 1749 pondere,
365 1675 403 1723 ut
415 1660 537 1724 extrahi
547 1661 702 1740 jumentis
716 1661 885 1749 nequiret:
901 1659 935 1724 id
949 1659 1120 1727 concidere
1134 1684 1207 1725 coa·

142 1764 184 1826 cti
205 1761 476 1850 Amphictyones,
498 1775 614 1825 statum
637 1759 784 1841 Groecrie,
805 1776 837 1826 et
860 1776 997 1827 mutatos
1019 1763 1053 1824 io
1073 1762 1207 1825 (letoius

141 1864 285 1927 dominos
305 1863 543 1927 miserabantur
560 1885 568 1927 :
587 1861 663 1926 olim
681 1862 719 1927 Τ.
732 1861 896 1948 Quintium
919 1876 951 1926 et
968 1860 1204 1943 LAEmilium,
1253 1870 1263 1895 ⁸

141 1987 287 2030 romanos
302 1964 411 2046 duces,
427 1968 557 2053 utcmque
566 1963 659 2027 Mau.
673 1962 894 2043 Glabrionem,
912 1962 983 2027 illos
993 1962 1206 2027 Macedonum

144 2066 282 2152 regibus,
301 2064 387 2129 bunc
394 2064 553 2128 Antiocho
565 2064 691 2129 devictis
697 2113 708 2145 ,
723 2064 805 2128 ultro
819 2064 968 2128 bonorem
980 2086 1110 2153 opesque
1121 2063 1207 2130 delto

142 2169 267 2230 brorum
284 2169 412 2232 auxisse
425 2191 436 2230 :
451 2189 534 2230 nuuc
554 2165 648 2254 lapsis
661 2168 694 2230 in
701 2167 794 2255 pejus
806 2166 940 2230 mortbus
947 2213 958 2245 ‚
968 2177 1139 2255 postquam
1151 2169 1207 2230 irti-

143 2271 238 2331 micos
253 2290 449 2356 quacumque
462 2290 495 2331 re
506 2289 652 2355 superare
656 2270 812 2356 princpes
825 2269 952 2330 romani
962 2266 1125 2346 studeam,
1140 2267 1206 2331 lar

140 2371 308 2458 gt'tionibus
325 2370 372 2432 ad
383 2365 556 2459 pefidiam
577 2368 751 2456 luxumque
770 2370 929 2457 corrumpi
945 2368 1076 2448 milites,
1099 2369 1207 2458 bisque

141 2472 316 2535 obooscium
333 2474 565 2558 imperatorem,
583 2471 731 2533 vilissimo
748 2471 965 2557 teterrimoque
979 2470 1142 2534 bominttm
1150 2493 1206 2559 ge·

144 2576 213 2635 ueri
225 2574 350 2650 seruire,
364 2593 425 2658 quo
439 2572 559 2657 optimis
574 2571 743 2658 quibusque
756 2570 1009 2658 nobilissimisque
1022 2571 1205 2635 dominetur.

188 2676 230 2738 Χ.
249 2676 407 2737 Caeterum
432 2671 539 2752 Sulla,
564 2672 718 2762 neglectis
739 2672 961 2738 Graeculorum
986 2673 1146 2760 querelis,
1165 2671 1206 2737 ad

145 2792 337 2863 quaestorem
356 2775 390 2836 L.
403 2773 575 2836 Lucullum
593 2794 699 2837 sacros
718 2773 887 2838 thesauros
901 2772 1005 2854 misit,
1020 2773 1073 2836 cui
1089 2771 1208 2837 cuden-

143 2877 193 2940 dae
205 2878 237 2938 in
248 2877 474 2963 Peloponneso
484 2890 623 2938 monetae
635 2874 802 2965 negotium
814 2875 1030 2963 imposuerat;
1046 2875 1115 2961 ipse
1126 2871 1208 2937 redi·

143 2978 257 3068 gendis
277 2977 310 3040 in
333 2992 525 3065 potestatem
541 2976 676 3040 Athenis
700 2997 832 3040 omnem
855 2975 953 3038 animi
977 2975 1205 3064 cogitationem

144 3078 344 3144 intendebat.
362 3077 543 3142 Gloriosam
559 3077 725 3141 victoriam
747 3091 839 3140 vetris
860 3075 949 3139 urbis
975 3074 1099 3139 lactura
1122 3074 1208 3139 fama
1236 3134 1248 3173 ,

145 3198 230 3261 erat;
250 3182 380 3262 utilem,
399 3181 546 3243 locorum
567 3178 736 3243 adomnia
756 3177 982 3266 opportunitas
998 3200 1008 3240 t
1024 3199 1122 3265 super
1138 3176 1208 3241 haec

144 3283 316 3346 Aristionis
330 3280 478 3345 vecordia
492 3280 735 3361 stimulabatur,
754 3278 1023 3367 importunissimi
1040 3294 1074 3342 et
1089 3279 1211 3367 impro-

144 3383 267 3447 bissimi
286 3405 421 3461 scurrae,
438 3381 495 3470 qui
511 3381 754 3445 continentibus
769 3379 862 3444 dictis
880 3380 917 3442 in·
930 3380 1055 3468 ipsum,
1072 3396 1130 3443 aut
1142 3380 1210 3444 Me·

145 3485 269 3564 tellam,
290 3507 361 3570 quae
380 3482 589 3571 impudicitia
611 3481 824 3570 arguebatur,
847 3480 1039 3546 iracundum
1060 3482 1207 3545 animum

145 3587 227 3650 mira
237 3584 385 3648 vindictae
399 3583 574 3672 cupiditate
587 3581 815 3647 inflammabat.

189 3688 246 3750 XI.
268 3688 429 3750 ceterum
448 3685 564 3748 urbem
584 3683 669 3748 fame
687 3706 802 3773 urgere
821 3685 897 3748 satis
913 3684 1031 3748 visum.
1049 3680 1207 3748 Piraeeum

145 3808 217 3873 spes
228 3786 315 3849 nulla
325 3785 490 3874 capiendi,
504 3785 565 3850 nisi
577 3808 636 3872 per
644 3807 746 3865 arma,
758 3800 934 3872 supererat.
945 3784 1008 3847 Sed
1017 3784 1086 3849 hrec
1100 3801 1209 3849 umen

145 3884 329 3973 proditione
338 3886 534 3963 juvabantur
547 3910 554 3949 :
568 3884 635 3949 duo
650 3885 732 3950 servi
745 3885 851 3966 attici,
866 3883 1026 3972 quidquid
1039 3885 1074 3949 in
1086 3885 1210 3974 oppido

145 3986 256 4066 fiebat,
271 3984 440 4075 glandibus
455 3986 865 4073 plumbeis-inscribebant3
880 4006 932 4048 cas
945 3982 1064 4048 deiude
1076 3984 1209 4073 glandes

145 4087 255 4152 fundis
280 4086 518 4166 ejacidabautur
540 4086 581 4149 ad
598 4088 773 4151 Romanos.
798 4084 836 4151 Id
860 4083 917 4148 ubi
936 4084 1053 4172 saepius
1076 4083 1145 4149 fieri
1168 4084 1209 4149 ad

145 4189 266 4253 Sullam
290 4187 447 4268 relatum,
469 4187 540 4268 ille,
556 4209 591 4252 re
609 4187 826 4268 considerata,
844 4207 946 4273 quum
967 4207 1096 4273 semper
1108 4208 1208 4250 eren·

182 4399 278 4464 §VIIL
289 4397 392 4445 Diodor.
400 4396 467 4462 apud
477 4397 559 4445 Vries.
573 4421 608 4434 -
624 4394 688 4445 Plut.
700 4395 727 4443 iu
740 4394 858 4453 Lucullo,
872 4410 925 4459 cap.
939 4395 963 4443 3.
977 4421 1013 4432 -
1027 4386 1044 4459 S
1058 4399 1092 4443 Χ.
1105 4395 1170 4444 Plut.
1181 4396 1208 4443 in

146 4482 220 4530 Sulla.
230 4509 264 4518 -
275 4480 377 4529 Hieron.
390 4480 415 4527 in
424 4480 508 4530 Joviu.
518 4483 546 4539 1,
561 4479 602 4527 bb.
612 4506 647 4517 —
655 4479 720 4528 Flor.
730 4481 783 4538 111,
794 4478 818 4527 5.
831 4505 866 4515 -
879 4476 986 4542 Appian-
994 4476 1109 4527 stiunt.
