2670 5018
234 788 289 858 nt
322 788 436 857 noc.
468 791 560 857 Lm.
587 791 790 858 Lxxmx
822 791 1034 861 mvmru.
1101 793 1169 865 205
1226 765 1236 780 “

97 923 152 971 «te
172 907 312 990 faciam,
337 909 533 997 quantisque
551 909 688 998 dignum
711 908 892 974 bonoribus
906 910 1070 988 judicem:
1090 916 1170 1004 quid

94 1008 208 1073 «enim
222 1026 292 1093 est,
306 1008 398 1099 quod
411 1033 478 1075 non
492 1011 595 1075 virtus
612 1011 664 1074 illa
678 1027 754 1091 tua,
768 1012 880 1100 reique
894 1012 1031 1101 publicae
1044 1032 1076 1079 et
1089 1018 1201 1083 mibir

95 1112 264 1200 «praestita
284 1111 469 1178 fidelissima
491 1129 590 1201 atque
613 1113 787 1177 fortissima
807 1135 904 1201 opera
927 1117 1111 1181 mereatur?
1128 1120 1170 1184 Et

95 1241 109 1266 ι
120 1233 201 1302 ego,
216 1212 244 1278 si
255 1235 372 1278 verum
388 1237 493 1296 amas,
511 1236 577 1282 non
591 1216 720 1302 parcior
732 1214 765 1277 in
778 1214 970 1279 honoranda
982 1217 1102 1282 virtute
1116 1237 1170 1286 tua

95 1344 109 1367 ι
119 1314 187 1396 fui,
205 1338 307 1404 quam
323 1332 362 1380 tu
377 1316 410 1380 in
429 1315 616 1406 explicanda
632 1316 797 1380 exstitisti:
814 1316 870 1381 sed
887 1340 995 1406 neque
1011 1320 1045 1382 in
1062 1338 1170 1410 poste·

95 1445 109 1470 ι
120 1438 194 1480 rum
213 1416 395 1505 quidquam
417 1419 475 1483 tibi
499 1434 675 1507 negaturus
694 1440 788 1499 sum,
805 1418 895 1505 quod
912 1419 981 1484 fieri
997 1423 1118 1509 possit,
1137 1440 1170 1490 et

95 1516 268 1582 ·Instituta
295 1519 431 1583 civitatis
455 1535 573 1583 nostrae
594 1520 768 1607 patiantur.
787 1519 911 1584 Verum
935 1523 1100 1588 enimvero
1126 1526 1170 1591 ita

95 1646 110 1670 ι
120 1634 346 1707 comparatum
364 1642 433 1684 esse
447 1619 551 1701 nosti,
567 1636 605 1685 ut
618 1643 710 1684 more
726 1619 885 1700 majomm
901 1623 956 1687 hic
971 1625 1079 1690 honor
1094 1650 1170 1692 con·

96 1748 110 1772 ·
121 1717 256 1784 cedatur
280 1722 423 1798 nemini,
440 1721 501 1786 nisi
521 1722 578 1809 qui
595 1722 756 1785 consulari
780 1738 837 1785 aut
855 1725 1007 1810 praetorio
1033 1727 1169 1816 imperio

93 1850 107 1871 ·
117 1820 275 1906 preditus
292 1846 343 1887 res
361 1824 504 1914 gesserit.
521 1824 569 1887 lta
586 1824 622 1887 P.
638 1822 809 1888 Cornelius
824 1823 989 1911 aliquanto
1005 1830 1170 1915 ampliori·

95 1951 109 1976 ι
120 1920 182 1985 hus
196 1922 231 1986 iu
248 1925 403 2012 Hispania
419 1925 514 2013 gestis
532 1924 649 2004 rebus,
666 1925 709 1988 ita
726 1924 771 1988 M.
786 1925 939 1990 Claudius
958 1928 1058 2015 captis
1075 1932 1168 2019 Syra-

94 2053 107 2075 ·
119 2023 225 2106 cusIs,
242 2026 412 2113 triumpho
427 2035 613 2090 caruerunt.

140 2125 297 2192 XXVIII.
313 2128 412 2192 «Non
431 2127 528 2193 debes
542 2126 749 2217 indignanter
766 2128 848 2215 pan,
867 2130 893 2191 si
907 2129 1113 2217 Scipionibus
1134 2153 1168 2200 et

96 2256 110 2280 ·
120 2226 281 2293 Marcellis
294 2228 429 2317 aequeris
441 2229 628 2294 adolescens
642 2227 791 2292 nondum
805 2244 897 2292 aetate
909 2231 1077 2296 senatoria.
1091 2233 1167 2300 Plus

95 2359 109 2383 ·
120 2345 170 2393 cst
185 2333 343 2395 meruisse
357 2331 580 2419 triumphum,
599 2353 697 2419 quam
714 2329 863 2411 duxisse3
878 2345 910 2393 et
924 2330 950 2394 si
966 2330 1046 2419 quid
1058 2333 1092 2396 in
1108 2335 1168 2400 hac

95 2461 108 2483 ·
119 2418 240 2520 pompa
260 2432 420 2496 felicitatis
442 2433 547 2497 inesse
566 2431 745 2511 arbitraris,
763 2453 831 2495 non
847 2428 998 2518 adempta
1015 2432 1092 2515 tibi,
1111 2436 1167 2501 sed

96 2531 161 2596 -ad
177 2549 323 2598 maturos
339 2535 501 2615 honores,
521 2557 662 2622 quorum
682 2534 817 2597 certiora
835 2532 971 2623 pignora
989 2556 1087 2600 nemo
1103 2561 1166 2601 un-

96 2658 220 2722 «quam
231 2637 367 2717 babuit,
386 2637 524 2724 seposita
540 2652 597 2702 est.
618 2635 707 2718 Quid
724 2652 755 2699 te
771 2634 908 2700 delectat
920 2657 1079 2724 occupare
1090 2662 1165 2704 eum

96 2735 260 2819 «invidia,
280 2737 371 2827 quod
387 2739 484 2827 paulo
500 2753 574 2826 post
591 2738 677 2801 ultro
693 2753 868 2800 venturum
889 2753 938 2801 est
952 2760 1028 2802 cum
1043 2740 1167 2829 gloria?

96 2866 110 2891 ι
121 2837 339 2927 Quanquam,
353 2840 380 2903 si
399 2855 430 2903 te
446 2837 674 2903 tantummodo
693 2837 898 2901 sermonibus
914 2838 1086 2904 hominum
1106 2842 1167 2906 ob·

96 2968 108 2990 ·
115 2938 272 3021 iectares,
289 2939 433 3004 fortassis
447 2962 507 3029 ego
521 2955 663 3029 paterer;
679 2955 712 3002 et
726 2939 784 3001 tibi
801 2938 913 3002 cadem
927 2956 1022 3021 aetas,
1038 2965 1111 3028 quae
1125 2944 1165 3008 ad

97 3069 111 3094 ι
120 3041 359 3106 commovenda
367 3040 573 3121 judiciafacit
583 3041 747 3122 animum,
762 3041 857 3104 etiam
871 3041 912 3105 ad
921 3042 1164 3110 ferenda'daret.

96 3171 110 3195 ·
120 3142 184 3207 Sed
202 3142 279 3231 quia
301 3144 381 3207 mihi
397 3166 494 3207 nemo
507 3143 669 3232 ignoscet,
687 3141 779 3221 cujus
795 3140 835 3204 ab
852 3142 945 3206 annis
961 3160 993 3206 et
1008 3159 1167 3231 potestate

96 3243 243 3330 «publici
263 3243 389 3309 decoris
411 3244 544 3308 scicntia
567 3243 664 3307 simul
686 3258 784 3329 atque
803 3241 949 3306 custodia
963 3245 1166 3329 postulatur,

97 3362 156 3410 «ut
171 3347 223 3411 rel
239 3368 312 3410 mea
325 3369 420 3410 causa
438 3344 593 3425 desistas,
612 3359 699 3432 peto.
722 3342 821 3426 Quod
835 3343 863 3405 si
879 3357 913 3406 tu
928 3343 990 3405 mei
1008 3344 1164 3407 rationem

97 3446 240 3512 «babere
256 3447 384 3528 renuis,
404 3462 437 3510 et
453 3467 523 3509 rem
539 3446 671 3533 utrique
691 3443 882 3507 invidiosam
904 3466 1038 3531 poscere
1056 3467 1166 3533 perse·

97 3571 254 3630 «vorans,
277 3549 362 3613 salva
382 3549 519 3613 amicitia
541 3563 651 3612 nostra
674 3547 739 3610 hoc
759 3546 863 3609 facere
885 3567 979 3633 posse
997 3545 1166 3629 exstimas3

98 3650 201 3714 «mibi
224 3673 358 3739 quoque
378 3649 581 3715 tantumdem
599 3649 680 3732 juris
701 3669 883 3734 assumam,
904 3664 937 3711 et
960 3646 1049 3734 quod
1066 3648 1168 3712 ambi-

97 3752 210 3816 «tione
222 3774 262 3815 ac
272 3750 447 3842 cupiditate
461 3751 613 3815 inductus
625 3767 749 3838 captas,
761 3750 951 3813 auctoritate
966 3765 999 3812 et
1007 3747 1080 3827 jure
1091 3758 1164 3837 pro-

98 3853 254 3918 ·hibebo.
267 3885 280 3909 s

140 3955 266 4020 XXIX.
290 3953 374 4018 Vem
400 3970 509 4036 erant,
533 3977 605 4042 quae
628 3953 869 4043 allegabantur3
890 3949 947 4014 sed
969 3951 1165 4041 intelligebat

96 4055 304 4137 adolescens,
319 4057 438 4121 frustra
453 4056 522 4120 haee
536 4055 577 4120 ab
594 4072 633 4119 eo
652 4055 779 4136 afferri,
793 4054 850 4141 qui
860 4053 932 4132 jura
945 4052 1079 4116 civitatis
1093 4077 1165 4118 om·

99 4158 151 4222 nia
166 4160 259 4248 prior
273 4158 513 4222 conculcasset:
535 4155 609 4220 ideo
631 4178 672 4218 ne
688 4155 829 4220 Lucretii
845 4151 976 4242 quidem
996 4175 1073 4216 casu
1089 4176 1165 4241 per·

100 4262 229 4327 territus
243 4260 363 4325 institit
374 4276 461 4324 tanta
477 4257 611 4341 fiducia,
629 4274 668 4322 ut
685 4260 780 4322 etiam
789 4255 897 4347 plures
912 4255 1047 4319 adorare
1064 4253 1166 4319 Solem

100 4364 265 4440 orientem,
291 4382 390 4448 quom
413 4359 619 4436 occidentem,
650 4356 781 4423 dloeret.
822 4359 900 4422 Eam
927 4378 1039 4420 vocem
1062 4378 1165 4443 quum

132 4560 508 4628 §incriminatus
528 4587 562 4596 -
580 4559 645 4607 nur.
678 4583 681 4589 -
