2670 5018
73 760 119 852 78
247 759 313 826 JO.
339 757 678 827 FREINSHEMII
709 758 952 828 SUP-PLEM.

117 880 159 944 11.
181 880 256 960 Quo
276 879 311 940 in
333 898 451 966 genere
468 877 634 960 Thebani,
651 879 735 942 sicut
750 878 840 942 urbis
858 877 1082 968 magnitudine
1100 896 1131 944 et

72 982 172 1072 gloria
184 995 282 1068 caput
292 979 421 1042 Boeotius
432 977 651 1058 habebantur,
665 982 709 1045 ita
721 981 890 1069 precipuo
902 980 944 1045 ad
958 979 1131 1045 mutandos

71 1087 176 1152 socios
190 1085 413 1150 inconstantiae
427 1084 623 1151 documenta
634 1085 805 1151 dederunt
820 1086 883 1153 Sed
895 1101 1017 1151 metum
1029 1102 1065 1150 et·
1075 1087 1133 1150 im·

70 1189 275 1253 becillitatem
292 1209 383 1251 suam
399 1187 595 1277 allegabant,
613 1187 726 1276 «quod
742 1188 895 1252 omnibus
916 1188 999 1252 circa
1018 1187 1059 1252 ad
1081 1211 1132 1253 re-

70 1291 158 1380 «gias
173 1304 277 1377 partes
292 1288 552 1372 transeuntibus,
569 1289 716 1355 resistere
730 1304 827 1355 tantae
844 1289 999 1378 potentie
1015 1291 1131 1377 nequi·

70 1423 83 1447 «
93 1392 230 1471 vissent,
246 1413 343 1477 quarn
358 1412 466 1477 neque
481 1413 571 1480 reges
589 1391 735 1456 maximis
755 1391 947 1456 exercitibus
965 1391 1130 1472 instructi,

69 1523 82 1548 α
93 1515 201 1580 neque
212 1491 295 1555 Asiae
308 1491 503 1578 Graeciaeque
518 1491 643 1556 auxiliis
658 1492 783 1557 subnisi
794 1495 1016 1556 Romanorum
1030 1490 1130 1555 duces

69 1592 333 1657 «sustinuissent.
348 1589 494 1656 Modicus
509 1590 627 1657 civitati
642 1615 710 1657 suae
719 1593 931 1673 vires-fuisse,
946 1593 1041 1657 etiarn
1054 1592 1130 1680 pro·'

69 1726 83 1750 ι
93 1693 257 1782 sperrimis
275 1693 496 1780 temporibus:
512 1709 584 1757 tum
601 1716 679 1758 vero
697 1710 813 1782 preter
828 1695 1027 1784 antiquiora,
1044 1694 1129 1759 hello

70 1796 223 1859 «achaico
238 1794 284 1858 sic
303 1816 372 1857 esse
394 1793 611 1876 debilitatam,
631 1796 737 1859 utrix
755 1818 945 1885 recuperare
966 1795 1129 1884 sexaginta

69 1897 153 1961 «illis
168 1896 260 1959 annis
277 1912 410 1960 tenuem
423 1895 567 1983 pristinae
581 1894 747 1986 dignitatis
763 1897 902 1985 speciem
917 1896 1072 1985 potuerit.

114 2000 174 2063 111.
191 1996 356 2061 «Proinde
374 2019 569 2087 magnopere
585 2020 603 2061 a
619 1998 654 2062 L.
665 1999 752 2063 Sulla
768 1997 982 2080 contendere,
1004 2013 1044 2062 ut
1061 2020 1127 2061 non

69 2115 156 2163 «tarn
175 2097 391 2162 defectionem
406 2120 516 2180 suam,
533 2121 631 2186 quum
646 2098 818 2164 deficiendi
831 2120 941 2164 causas
959 2098 1126 2186 respiciat:

70 2233 83 2258 «
93 2217 126 2265 et
140 2199 298 2288 siquidem
317 2199 426 2263 studio
445 2201 487 2264 sit
502 2223 520 2264 a
535 2223 570 2264 se
585 2223 623 2264 ac
634 2201 801 2264 voluntate
815 2202 999 2289 peccatum,
1015 2200 1128 2288 puniat

70 2335 83 2359 κ
95 2303 224 2382 noxios3
238 2303 287 2364 sin
302 2324 380 2365 vero
393 2301 512 2366 invitos
525 2303 740 2392 cognoverita
751 2303 904 2368 societate
917 2325 1052 2367 romana
1062 2301 1127 2366 dis·

69 2405 239 2483 «cessisse,
256 2402 312 2466 det
328 2405 508 2468 necessitati
526 2405 670 2480 veniam,
688 2405 741 2468 cui
756 2405 923 2494 ignoscere
943 2426 1059 2468 omnes
1074 2426 1126 2468 so·

68 2537 81 2561 a
92 2507 185 2568 leant.
204 2505 302 2566 Plane
318 2524 393 2566 eum
411 2503 460 2567 his
476 2506 678 2593 temporibus
689 2505 789 2570 fuisse
800 2505 897 2569 Italiae
914 2519 947 2568 et
957 2503 1056 2567 Urbis
1069 2519 1129 2568 sta·
1150 2582 1154 2587 Ι

69 2622 184 2685 «tum,
208 2621 246 2668 ut
267 2604 344 2668 inde
367 2627 473 2692 neque
497 2605 674 2694 imperator
690 2621 816 2688 tantus,
842 2627 949 2692 neque
969 2605 1128 2669 exercitus

67 2708 209 2794 «sperari
226 2705 379 2793 potuerit.
396 2705 557 2785 Majorum
571 2729 705 2771 suorum
725 2707 759 2769 in
775 2706 935 2794 populum
954 2728 1126 2770 romanum

66 2808 304 2895 «frequentiora
330 2806 455 2870 delictis
479 2824 602 2872 exstare
629 2808 762 2889 merita3
785 2829 820 2871 se
844 2829 976 2895 quoque
1000 2829 1127 2896 semper

66 2939 79 2963 κ
89 2909 157 2988 ejus
171 2907 284 2996 populi
296 2906 492 2988 majestatem
508 2906 572 2974 fide
585 2910 707 2997 optimu
723 2908 877 2990 coluisse,
893 2930 1058 2997 porroque
1068 2908 1126 2973 da·

67 3027 180 3073 «turos
192 3032 340 3097 operam,
355 3025 393 3072 ut
405 3011 492 3075 enise
508 3009 626 3075 faciant
641 3011 766 3094 omnia,
780 3032 852 3099 quse
863 3009 990 3098 possint
1006 3032 1025 3073 a
1043 3033 1077 3075 se
1091 3010 1142 3079 in.

66 3144 79 3168 u
90 3129 154 3175 tarn
171 3111 284 3199 exigua
298 3112 427 3175 fortuna
443 3110 614 3200 proficisci.

108 3216 163 3277 IV.
182 3214 318 3299 «Neque
333 3213 394 3276 sibi
410 3213 566 3278 laetiorem
583 3212 670 3277 diem
688 3213 790 3278 ullum
808 3212 923 3295 fuisse,
942 3236 1126 3301 quamquo

64 3348 77 3371 ι
89 3315 159 3378 data
170 3314 295 3377 romani
309 3314 511 3402 imperatoris
522 3315 564 3378 sit
574 3315 667 3402 copia
680 3338 687 3378 :
700 3315 832 3379 subesse
844 3314 976 3403 quidem
988 3331 1125 3396 metum,

61 3450 74 3473 n
87 3441 128 3481 ne
139 3419 222 3480 forte
232 3439 289 3481 sua
301 3415 463 3494 rejiciatur
475 3417 640 3504 purgatio,
656 3416 712 3480 sed
728 3439 817 3505 spem
831 3431 937 3479 tamen
952 3416 1125 3498 majorem,

60 3551 73 3574 ι
82 3519 169 3599 for'e,
184 3532 221 3581 ut
230 3540 290 3605 pro
301 3516 446 3580 'nominis
461 3517 586 3580 romani
599 3532 632 3580 et
647 3539 704 3581 sua
716 3516 902 3597 clementia,
915 3518 1077 3606 placatum
1090 3533 1125 3582 se

61 3653 74 3676 ι
84 3620 326 3710 propitiumque
335 3616 582 3706 deprecantibus
591 3617 678 3681 Sulla
690 3615 838 3682 exhibeat
847 3649 871 3682 s.
887 3621 930 3683 At
939 3620 1008 3700 ille,
1021 3642 1124 3707 quum

61 3745 121 3809 pro
140 3736 284 3808 tempore
301 3741 403 3807 pauca
418 3716 655 3806 respondisset,
674 3719 708 3781 in
723 3719 859 3783 Atticam
877 3719 1056 3785 contendit.
1073 3721 1125 3786 lbi

61 3845 170 3912 pugna
194 3844 268 3886 curn
293 3820 442 3884 hostibus
464 3820 651 3902 commissa,
675 3837 847 3908 postquam
868 3819 1067 3885 Aristionem
1089 3823 1123 3887 in

61 3923 193 4004 urbem,
205 3922 398 3987 Archelaum
412 3921 497 3985 intra
511 3920 622 3985 Piraeei
634 3921 833 3985 munimenta
846 3921 1020 4008 compulit,
1032 3938 1124 4012 parte

59 4026 225 4113 copiarum
241 4023 282 4087 ad
296 4021 508 4086 obsidendam
525 4044 600 4095 cum
619 4022 780 4086 Aristione
795 4018 909 4084 urbem
925 4023 1039 4106 missa,
1054 4024 1123 4112 ipse

58 4126 216 4190 Piraeeum
237 4124 297 4187 sibi
316 4121 574 4212 oppugnandum
595 4121 750 4212 sumpsit,
770 4120 827 4185 uhi
844 4123 923 4213 regii
944 4147 1018 4188 curn
1039 4148 1122 4214 prae·

58 4243 129 4292 tore
140 4250 200 4290 suo
218 4222 379 4287 moenibus
392 4243 409 4284 a
421 4223 542 4287 Pericle
554 4223 632 4288 olim
645 4224 774 4291 structis
788 4246 822 4287 se
837 4223 1045 4290 incluserant.

102 4331 140 4392 V.
157 4326 245 4391 Bello
262 4325 350 4387 enim
367 4323 656 4412 peloponnesiaco,
674 4325 813 4398 Pericles
831 4325 864 4388 in
882 4327 1120 4393 munitionibus

88 4517 111 4580 'S
123 4517 166 4565 lv.
181 4516 212 4561 Π·
224 4515 252 4562 C·
264 4513 318 4560 ⁶⁶⁵
328 4528 336 4574 ἱ
347 4512 417 4591 M,
431 4513 473 4571 ⁸7·
486 4539 521 4550 -
537 4512 643 4561 hunn-
655 4510 699 4560 h'b.
712 4515 733 4562 1.
743 4513 906 4564 -Plunreln
915 4542 950 4553 -
959 4516 1067 4581 Appias.
