2670 5018
161 779 224 871 194
328 774 395 839 JO.
424 771 765 839 FREINSHEMII
796 771 1042 840 SUPPLEM.

189 897 244 957 lus,
258 912 326 946 unus
338 911 369 943 ex
381 876 550 962 proscriptis,
562 888 631 942 clam
642 888 728 961 capite
741 887 869 961 adoperto
881 888 916 943 ad
925 891 1039 963 posticas
1048 890 1120 946 odes
1128 893 1216 947 Bastia

190 979 277 1032 uxoris
290 995 372 1050 quum
387 974 554 1036 accessisset,
575 971 705 1026 admissus
721 991 776 1025 non
796 984 852 1035 est,
871 972 933 1045 quia
949 973 1024 1027 illum
1041 975 1215 1049 proscriptam

188 1065 304 1117 diceret:
325 1062 414 1132 itaque
428 1078 455 1112 ee
467 1054 624 1120 transfodit,
641 1068 668 1111 et
683 1056 811 1129 sanguine
827 1074 876 1110 suo
890 1057 961 1111 fores
978 1059 1069 1111 uxoris
1084 1061 1215 1134 respersit.

187 1149 260 1203 Sulla
271 1147 364 1199 Nolam
381 1145 407 1197 in
420 1143 527 1197 Samnio
540 1141 656 1213 recepit:
667 1139 844 1215 quadraginta
857 1153 957 1213 septem
968 1139 1086 1215 legiones
1097 1144 1127 1196 in
1141 1162 1215 1217 agros

187 1245 278 1305 captos
296 1229 424 1292 deduxit,
443 1240 469 1278 et
482 1244 527 1278 eos
544 1225 577 1277 iis
592 1223 692 1279 divisit.
702 1224 872 1286 Volaterras,
885 1223 959 1296 quod
976 1224 1109 1298 oppidum
1129 1224 1216 1283 adhuc

186 1319 212 1369 in
233 1316 312 1369 annis
328 1325 403 1376 eret,
425 1310 578 1374 obsessum,
598 1309 627 1362 in
644 1307 806 1363 deditionem
825 1308 936 1380 recepit.
955 1309 1092 1384 Mitylene
1110 1330 1215 1386 quoque

186 1403 211 1453 in
226 1401 303 1462 Asia,
321 1415 379 1468 quac
392 1394 448 1448 sola
464 1394 528 1447 urbs
541 1405 602 1466 post
612 1392 712 1448 rictum
726 1391 907 1446 Mithridatem
924 1412 997 1447 arma
1014 1395 1161 1461 retinebat,
1175 1415 1216 1451 es·

186 1495 308 1556 pugnatas
322 1481 468 1551 dirutaeque
480 1488 551 1531 snut.

149 1665 174 1726 l.
199 1630 318 1727 lurra
340 1659 407 1720 baec
425 1657 548 1719 circum
565 1654 662 1719 Italioe
685 1655 832 1745 regiones
851 1657 940 1721 missi
956 1673 1031 1745 post
1046 1657 1212 1723 victoriam

150 1766 189 1827 ab
210 1764 297 1826 Sulla
316 1760 414 1823 duces
435 1757 569 1822 obibant
587 1757 782 1844 municipia;
806 1759 962 1846 suspectis
983 1758 1131 1846 praesidia
1152 1760 1212 1823 im·

151 1865 331 1954 ponebant3
357 1863 433 1942 alia,
456 1883 528 1948 quae
547 1860 731 1949 postulabat
751 1883 849 1943 usus,
872 1879 929 1927 aut
948 1862 1081 1950 parendi
1105 1888 1214 1931 neces·

150 1967 245 2044 sitas,
272 1962 543 2049 exsequebantur.
568 1960 633 2025 Sed
656 1964 716 2026 Cn.
736 1963 913 2051 Pompeio,
939 1987 1058 2051 quem,
1082 1965 1212 2033 dimissa

153 2065 305 2145 Antistia,
330 2063 509 2152 privignam
533 2085 625 2126 suam
641 2062 823 2147 AEmiliam,
847 2066 893 2129 M.
908 2065 1029 2130 Scauro
1051 2069 1211 2158 genitam,

148 2168 218 2228 siro
238 2189 297 2228 suo
315 2165 359 2227 bl.
373 2164 541 2227 Glabrioni
559 2164 759 2252 ademptam,
780 2164 898 2229 ducere
918 2169 1136 2256 compulerat,
1155 2195 1211 2236 ne·

148 2268 273 2356 gotium
292 2266 447 2329 (iarbcnis
463 2265 678 2353 persequendi
694 2266 868 2355 imposuit;
890 2266 1001 2332 eadem
1019 2292 1119 2359 opera
1132 2273 1211 2337 Sici·

149 2374 222 2435 liani
241 2385 437 2457 purgatura,
457 2369 488 2429 in
508 2390 606 2454 quarn
623 2368 781 2432 Carbonis
797 2368 891 2432 aurici
908 2370 1039 2456 quidam
1055 2388 1088 2435 et
1102 2377 1213 2462 praeci·

147 2496 231 2559 pnus
252 2473 429 2557 Perperna,
449 2469 506 2556 qui
527 2470 616 2555 prins
634 2469 667 2531 in
688 2469 816 2557 Liguria
837 2469 958 2534 bellurn
980 2494 1055 2535 cum
1072 2474 1210 2541 Sullanis

147 2588 301 2661 gesserat,
314 2573 362 2632 vir
373 2571 555 2656 praetorius,
568 2568 796 2657 confugerant,
810 2594 912 2657 quum
921 2573 1026 2636 Carbo
1036 2591 1069 2638 et
1080 2578 1140 2640 Cn.
1149 2580 1212 2641 Do·

147 2675 256 2735 mitius
274 2673 304 2733 in
321 2672 458 2733 Africam
478 2671 687 2759 navigassent.

192 2775 234 2837 ll.
252 2772 400 2834 Adventu
416 2768 562 2858 Pompeii
578 2772 740 2859 Perperna
755 2775 863 2837 statim
882 2774 987 2840 Sicilia
1003 2780 1115 2862 cessit,
1131 2782 1209 2846 ciri·

148 2891 291 2960 tatcsqnc
303 2873 492 2935 auctoritate
506 2873 733 2953 adolescentis,
748 2892 780 2937 ct
793 2876 909 2963 partim
924 2878 1060 2942 consilio
1072 2899 1209 2972 recepte

146 2993 232 3039 sunt.
251 2976 339 3038 Inter
356 2997 436 3062 quas
451 2976 587 3056 Catana,
606 2999 709 3063 quum
723 2995 872 3064 suspecta
886 2977 1042 3067 Pompeio
1057 2998 1158 3065 esset,
1176 2999 1208 3047 et

145 3075 330 3164 presidium
345 3090 528 3139 accusatura
543 3076 723 3159 videretur,
739 3102 758 3141 a
772 3079 953 3143 fortissimis
966 3082 1115 3147 omnium
1128 3086 1209 3150 mili·

145 3180 231 3241 tibus
248 3195 402 3266 occupata
419 3196 484 3259 est,
501 3202 584 3265 quos
600 3179 792 3267 Pompeius,
810 3181 998 3269 impetrato,
1014 3199 1053 3247 ut
1065 3186 1141 3274 regri
1156 3189 1206 3253 sui

145 3283 380 3368 reciperentur,
401 3281 462 3344 sub
479 3304 517 3344 en
532 3281 645 3345 habitu
658 3283 691 3344 in
709 3282 865 3371 oppidum
881 3283 1019 3348 miserat.
1032 3287 1121 3351 Dum
1139 3289 1206 3353 hec

145 3402 320 3474 geruntur,
350 3409 388 3446 ex
413 3386 518 3447 Africa
542 3408 617 3447 cum
643 3385 752 3449 multis
777 3384 941 3448 nobilibus
965 3386 1041 3450 viris
1067 3389 1206 3457 redierat

145 3488 270 3568 Carb0,
287 3489 365 3551 etin
381 3491 519 3551 Cossum
535 3486 640 3550 insula
656 3510 802 3551 rumores
815 3487 964 3552 derebus
978 3489 1089 3555 italicis
1102 3510 1205 3582 capta·

145 3590 215 3669 bat,
239 3592 271 3652 in
294 3591 470 3678 AEgyptum
490 3591 599 3677 lugam
617 3588 789 3669 meditans,
807 3605 840 3652 ct
856 3589 984 3653 interim
1004 3592 1039 3656 L.
1050 3595 1152 3661 Bruto
1170 3597 1202 3659 in

144 3713 224 3752 nare
241 3692 409 3777 piscatoria
419 3690 595 3778 Lilybaeum
608 3690 724 3770 misso,
740 3707 776 3753 ut
791 3691 985 3779 exploraret,
999 3715 1039 3756 an
1053 3695 1085 3757 in
1097 3697 1202 3763 Sicilia

144 3791 316 3879 Pompeius
334 3809 426 3855 essct.

189 3893 245 3954 lll.
264 3893 325 3955 Sed
349 3895 400 3955 ille
424 3894 661 3957 circumventus
685 3916 703 3955 a
722 3893 944 3981 Pompeianis,
962 3916 1065 3981 quum
1082 3918 1118 3960 se
1133 3899 1201 3987 capi

143 3993 427 4074 animadverteret,
447 3995 477 4056 in
497 4017 531 4058 se
550 4016 707 4058 mucrone
729 4016 836 4076 verso,
858 3992 899 4057 ad
919 4011 1096 4060 transtrum
1114 4000 1201 4063 naris

143 4094 276 4156 obnisus
302 4095 444 4181 corporis
471 4094 635 4183 pondere,
661 4095 824 4159 occubuit.
849 4096 1043 4185 Pompeius,
1069 4101 1201 4189 cognito

141 4200 288 4258 (lossnrar
300 4195 481 4258 Carbonem
496 4219 581 4278 esse,
598 4198 639 4261 ad
654 4195 997 4285 comprehendendum
1011 4222 1088 4263 eum
1104 4202 1200 4267 misit.

175 4383 190 4444 ,ς
205 4385 224 4428 1.
238 4382 268 4427 15.
281 4384 308 4427 (ἶ.
322 4382 385 4441 6703
401 4382 430 4430 Α.
442 4382 469 4430 C.
481 4384 522 4429 ts.
536 4409 571 4419 ·-
584 4382 647 4431 Plut.
661 4383 686 4429 in
697 4383 774 4439 Sulla,
789 4397 842 4447 cap.
854 4381 900 4440 66,
913 4393 938 4431 st
950 4384 1036 4450 Pomp.
1047 4401 1103 4451 cap.
1117 4395 1200 4442 14.-

141 4468 201 4514 ren.
217 4469 253 4515 ΙΙ.
274 4469 311 4511 30.
327 4494 359 4501 -
379 4467 483 4530 Appian.
497 4494 530 4503 -
543 4468 654 4527 Orosv,
670 4483 699 4513 21
717 4477 741 4513 et
756 4473 796 4520 aa.
811 4492 845 4502 -
860 4470 943 4516 Front.
960 4469 1034 4516 Strrt.
1053 4470 1093 4528 n,
1111 4486 1150 4518 ιι.
1167 4498 1201 4510 -

137 4553 189 4599 Lis.
203 4552 267 4615 Epir.
