2670 5018
66 756 135 827 206
236 760 302 826 JO.
330 758 668 829 FREINSHEMII
696 754 940 827 SUPPLEM.

65 878 194 942 thridati
207 877 367 960 crederet,
379 901 446 967 quo
457 878 575 944 certius
589 878 785 968 exploraret,
798 891 956 964 quantum
968 876 997 940 ei
1009 877 1116 965 copia·

66 1004 138 1042 rum
152 996 251 1060 esset,
265 980 406 1067 captivos
423 980 563 1068 aliquot,
579 979 713 1046 seorsim
728 1000 1013 1066 unumquemque,
1024 979 1119 1059 jussit

66 1081 192 1143 adduci.
205 1082 252 1144 Ex
265 1080 383 1166 quibus
395 1096 618 1168 percontatus,
633 1095 715 1167 quot
725 1078 861 1167 quisque
872 1078 1118 1143 contubernales

67 1184 100 1243 ia
113 1182 241 1257 castris,
255 1206 330 1245 cum
345 1199 468 1270 quanto
480 1181 674 1246 cibariorum
689 1179 787 1245 modo
802 1178 999 1266 reliquisset,
1013 1178 1057 1243 ita
1067 1202 1119 1243 ra·

65 1282 185 1343 tionem
200 1282 287 1362 iniit,
302 1297 339 1344 ut
354 1281 437 1346 intra
453 1280 597 1348 triduum
611 1296 668 1347 aut
679 1278 887 1370 quatriduum
900 1279 985 1346 same
997 1280 1120 1345 labora·

68 1398 157 1445 turos
172 1383 375 1446 existimaret.

110 1484 151 1545 ΙΙ.
163 1482 286 1544 Idcirco
300 1481 519 1546 abundantem
529 1505 667 1548 annonae
681 1483 806 1571 copiam
818 1482 924 1546 insita
936 1498 1039 1546 castra
1047 1505 1121 1547 cou-

66 1583 205 1662 vehens,
228 1583 302 1645 satis
325 1583 479 1665 habebat,
502 1583 529 1647 si
548 1584 675 1648 hostem
697 1604 827 1648 annom
844 1581 1042 1671 prohiberet.
1060 1583 1121 1647 Per

66 1682 149 1745 hanc
178 1685 401 1765 occasionem,
422 1707 525 1772 quum
550 1685 710 1773 equestria
735 1683 842 1772 praelia
863 1685 1045 1771 frequentia
1067 1683 1121 1748 lie·

67 1798 160 1861 rent,
179 1783 281 1870 iisque
298 1784 445 1871 superior
458 1786 624 1850 Romanus
638 1802 742 1868 esset,
759 1785 874 1848 milites
887 1782 971 1849 avidi
986 1807 1121 1875 pugnae,

67 1882 211 1969 nihilque
225 1906 291 1946 suae
306 1885 416 1949 virtuti
433 1884 557 1949 invium
574 1885 747 1968 jactantes,
762 1885 796 1948 in
811 1885 939 1949 hostem
952 1885 1002 1948 uti
1023 1885 1120 1950 duce·

66 2002 195 2067 rentur,
212 1989 427 2074 postulabant.
445 1992 625 2055 Recusante
640 1990 792 2066 Lucullo,
806 2004 904 2077 atque
918 2012 1011 2054 suam
1029 2012 1121 2055 occa·

66 2089 189 2151 sionem
205 2090 339 2168 jubente
359 2091 552 2179 exspectari,
573 2112 674 2178 prope
690 2089 882 2173 seditionem
901 2106 1056 2172 vennam,
1072 2091 1121 2155 vel

67 2188 191 2266 injussu
200 2190 401 2275 imperatoris
416 2204 616 2278 pugnaturos
632 2189 864 2271 clamantibus,
877 2188 982 2256 donec
998 2214 1121 2257 accom-

68 2289 196 2352 modata
213 2289 350 2376 tempori
368 2290 513 2353 oratione
527 2290 663 2379 mitigati
675 2291 877 2378 quieverunt.
894 2292 1008 2380 Neque
1020 2294 1122 2357 multo

67 2407 140 2477 post
154 2391 351 2479 imperatorii
365 2391 491 2455 consilii
503 2391 673 2456 salubritas
688 2392 852 2480 apparuit,
868 2415 973 2480 quum
988 2395 1122 2482 penuria

67 2509 309 2556 commeatuum
326 2513 454 2555 movere
467 2507 569 2557 matra
585 2491 787 2557 Mithridates
802 2509 982 2582 cogeretur.

111 2594 169 2656 111.
192 2594 274 2654 Nam
300 2592 371 2672 ille,
396 2614 462 2679 quo
484 2592 656 2657 Lucullum
678 2591 819 2672 falleret,
842 2609 983 2659 coenatos
1006 2594 1122 2660 milites

69 2692 176 2754 stsitim
190 2691 341 2772 abduxit,
360 2708 489 2756 noctem
507 2692 677 2757 obscuram
691 2706 788 2781 atque
799 2693 981 2759 nimbosam
992 2711 1122 2778 nactus,

65 2806 99 2852 et
114 2791 237 2853 oriente
254 2792 320 2855 sole
340 2792 373 2854 in
389 2791 542 2857 Adrastire
558 2809 688 2876 monte,
710 2795 768 2881 qui
785 2795 900 2883 Cynico
918 2795 992 2860 urbi
1010 2812 1059 2861 est
1071 2821 1124 2887 op·

66 2892 209 2980 positus,
227 2893 383 2959 consedit.
397 2895 551 2960 Lucullus
566 2894 746 2983 composito
762 2895 889 2986 agmine
905 2896 950 2961 ita
966 2897 1122 2987 insequu-

67 3010 139 3074 tus,
157 3010 193 3057 ut
207 3019 247 3056 ue
263 2995 430 3083 pugnandi
448 2996 619 3060 necessitas
639 2995 762 3084 imponi
783 2996 884 3061 invito
898 3012 1025 3087 posset,
1041 2998 1123 3062 circa

66 3094 255 3175 Thraciam,
277 3118 374 3181 quam
395 3112 513 3161 vocant
532 3097 677 3177 Comen,
701 3112 803 3160 matra
824 3099 1048 3164 communivit.
1066 3102 1125 3163 Co-

67 3195 158 3282 guito
183 3194 299 3258 deinde
324 3218 364 3258 ex
388 3196 537 3284 captivis,
554 3197 622 3284 regi
641 3196 767 3261 circiter
788 3214 931 3263 trecenta
951 3199 1123 3264 hominum

70 3297 185 3375 millia,
203 3319 270 3357 non
291 3312 365 3359 ante
389 3296 504 3385 paratis
527 3296 647 3382 copiis,
671 3294 729 3359 sed
751 3320 790 3361 ex
808 3296 996 3386 quotidiana
1013 3299 1125 3365 subte-

67 3398 175 3459 ctione
189 3396 362 3476 maritima,
375 3411 407 3459 et
415 3395 722 3461 frumentationibus
735 3398 793 3481 ali,
807 3399 916 3463 futura
931 3399 1043 3464 animo
1054 3423 1124 3490 pro·

68 3498 223 3585 spurious,
240 3520 307 3560 nou
324 3497 485 3560 continuit
499 3497 658 3580 laetitiam,
674 3497 732 3563 sed
748 3522 845 3588 opere
859 3515 1040 3565 castrorum
1053 3523 1124 3590 per·

69 3602 171 3677 fecto,
195 3596 361 3660 advocavit
385 3598 597 3680 concionem,
616 3615 713 3686 atque
738 3599 824 3688 apud
847 3600 1060 3666 circumfusos
1081 3600 1125 3664 ita

68 3722 160 3761 orsus
176 3716 242 3762 esti

113 3799 168 3861 lV.
186 3798 368 3862 «Omnium
388 3800 534 3888 gentium
550 3815 646 3887 atque
666 3801 862 3889 populorum
879 3799 1054 3880 institutis,
1069 3800 1124 3887 qui

70 3931 81 3951 ιι
94 3901 205 3984 utique
220 3924 395 3967 cousensus
409 3919 525 3968 arecta
537 3904 661 3967 ratione
678 3913 846 3989 nunquam
859 3900 1011 3984 discedit,
1025 3901 1072 3965 ita
1081 3900 1126 3964 vi·

69 4029 80 4049 «
91 3999 204 4062 demus
216 4003 394 4084 observari,
408 4020 446 4067 ut
458 4004 492 4067 in
506 4026 541 4068 re
554 4004 666 4068 bellica
677 4003 787 4067 multis
799 4002 971 4067 hominum
985 4000 1125 4065 millibus

70 4122 178 4160 «riuus
198 4102 389 4188 plerumque
408 4104 582 4192 imperator
599 4105 728 4193 praesit:
748 4103 864 4167 multas
887 4103 975 4166 enim
992 4122 1124 4178 mantis,

72 4199 149 4261 «sed
172 4223 273 4263 unum
297 4205 468 4268 consilium
489 4226 540 4270 res
562 4207 705 4271 militaris
722 4205 899 4289 desiderat3
918 4203 1128 4293 quemadmo-

106 4408 121 4470 §
141 4413 160 4455 l.
177 4412 207 4457 U.
224 4412 252 4458 C.
269 4412 334 4473 6783
353 4415 910 4485 A.C.7t·-·Liv.1tpit.—sllLPiutin
921 4418 1041 4479 hodio,
1053 4434 1076 4465 c.
1088 4419 1125 4465 18.

72 4520 104 4528 -
119 4494 196 4539 Sti-ah.
211 4493 254 4542 lib.
268 4498 332 4556 xit,
349 4516 373 4562 p.
390 4500 449 4559 575.
464 4496 621 4569 ...APPM
637 4502 748 4551 Mithrid.
