2670 5018
220 707 276 776 IN
307 707 427 776 LOC.
454 710 551 777 LIB.
579 710 767 778 LXXXII
796 714 1012 789 LIVIANl.
1093 745 1161 818 109

80 828 253 915 copiarum
282 830 480 919 propinquis
509 831 698 920 regionibus
725 825 862 923 agebat,
890 860 1021 903 summo
1049 845 1160 911 studio

80 931 280 995 contrahere
296 948 435 995 conatus
450 949 514 1012 est,
531 949 568 996 ut
587 935 699 998 saltem
718 936 875 1001 Euboeam
892 955 1032 1023 teneret,
1053 944 1160 1013 donee

82 1033 254 1097 meliorem
278 1034 422 1121 aliquam
445 1057 537 1122 spem
560 1035 744 1124 repetendae
767 1038 900 1104 Graeeiae
927 1063 1019 1107 casus
1044 1047 1159 1137 aliquis

83 1136 254 1199 attulisset.

124 1236 266 1300 XXXV.
283 1236 372 1300 Sulla
387 1250 517 1324 postero
530 1235 600 1320 die,
618 1261 716 1326 quam
731 1242 842 1329 praelio
856 1243 961 1307 victor
977 1247 1158 1331 exstiterat,

84 1337 256 1401 tribunum
278 1337 388 1401 vallari
410 1359 552 1414 corona,
577 1339 699 1405 multos
721 1340 841 1407 deinde
861 1345 940 1409 alios
965 1347 1158 1416 militaribus

84 1438 177 1503 donis
197 1440 444 1523 cohonestavit,
463 1440 593 1505 virtutis
616 1464 729 1525 eausa,
752 1459 785 1507 et
807 1446 953 1534 alioquin
979 1451 1159 1517 retinendae

85 1543 242 1607 exercitus
253 1543 416 1607 voluntati
428 1543 575 1629 pecuniae
591 1546 757 1630 profusus.
774 1547 917 1635 Direptis
932 1547 1051 1614 deinde
1064 1555 1158 1616 Boeo·

84 1645 134 1709 tias
150 1643 300 1733 oppidis,
321 1660 487 1732 quotquot
506 1644 684 1710 iterumad
699 1648 805 1737 regios
821 1647 1023 1732 defecerant,
1042 1668 1075 1715 et
1089 1655 1157 1717 An·

85 1745 245 1832 thedone,
270 1748 451 1834 Larymna,
475 1747 634 1835 Alaeisque
656 1751 788 1831 eversis,
811 1751 845 1814 in
865 1752 1062 1818 'lhessaliam
1083 1756 1155 1820 hie-

84 1866 205 1913 matum
230 1849 379 1932 wansiit3
407 1850 506 1913 simul
531 1850 676 1914 intentus
698 1851 731 1913 in
756 1853 859 1916 Flacci
885 1855 1037 1936 consilia,
1057 1858 1155 1925 simul

84 1966 276 2037 quaestorem
292 1967 499 2039 exspectans,
518 1974 617 2038 quem
630 1951 671 2016 ad
687 1953 821 2017 classem
836 1954 1061 2022 adducendam
1076 1961 1156 2024 emi·

84 2070 173 2116 serat.
190 2055 328 2118 Interim
343 2054 412 2142 ipse
425 2053 582 2116 fabricare
601 2077 641 2118 ex
661 2056 810 2143 praesenti
829 2058 922 2145 copia
943 2082 1040 2123 naves
1059 2061 1154 2126 insti·

84 2156 157 2238 tuit,
167 2156 303 2242 quando
321 2179 428 2245 neque
442 2155 618 2236 Lucullus,
632 2178 740 2244 neque
755 2175 863 2222 certus
877 2175 933 2222 aut
945 2178 1097 2227 constans
1112 2163 1153 2229 de

83 2276 120 2318 eo
134 2279 250 2321 rumor
262 2256 467 2322 adventabat.
832 2316 836 2322 .

122 2360 275 2424 XXXVI.
295 2359 359 2423 Sed
375 2361 446 2440 ille,
471 2375 645 2449 postquam
664 2358 705 2423 ad
727 2361 802 2425 belli
822 2362 1010 2427 societatem
1033 2364 1152 2430 adduci

82 2462 251 2548 nequibat,
267 2462 424 2542 navibus,
442 2460 561 2547 quibus
577 2463 724 2548 Cyprum
742 2461 976 2546 deduceretur,
994 2467 1150 2553 acceptis,

81 2584 116 2625 ex
129 2564 366 2627 maritimarum
381 2562 566 2642 civitatum,
584 2584 663 2649 quas
676 2579 793 2651 praeter
803 2565 872 2627 vela
886 2563 1040 2648 faciebat,
1058 2568 1151 2630 auxi·

79 2663 125 2728 liis
142 2665 306 2729 modicam
325 2666 459 2730 classem
480 2662 671 2751 collegerat3
691 2680 738 2746 et,
767 2664 873 2729 vitatis
897 2666 1074 2755 piratarum
1097 2667 1149 2731 in·

79 2764 182 2847 sidiis,
203 2765 359 2830 Rhodum
381 2765 552 2853 appulsus,
576 2766 749 2854 assumptis
767 2765 972 2830 Rhodiorum
993 2768 1148 2852 navibus,

77 2867 160 2931 Coos
175 2869 272 2932 etiam
282 2885 314 2931 et
324 2866 475 2941 Cnidios,
487 2881 526 2929 ut
539 2863 650 2958 ejectis
665 2865 880 2930 barbarorum
894 2867 1050 2955 praesidiis
1060 2892 1150 2933 arma

77 2990 186 3032 secum
210 2971 246 3033 in
267 2971 393 3035 Samios
411 2970 554 3054 ferrent,
577 2969 760 3057 impulerat.
784 2967 905 3032 Eadem
929 2985 1055 3052 aestate,
1083 2993 1146 3059 qua
1239 2989 1241 2992 ’

76 3069 230 3136 bellatum
244 3073 277 3136 in
288 3072 411 3137 Boeotia
426 3089 509 3150 erat,
526 3071 746 3151 Mithridates,
759 3085 835 3158 post
850 3069 989 3157 primam
997 3070 1147 3136 Archelai

74 3173 198 3238 cladem
215 3176 335 3239 saevitia
352 3175 510 3265 ingenita,
530 3191 563 3238 et
577 3173 740 3238 levitatem
756 3172 992 3253 Asiaticorum,
1010 3196 1051 3236 ne
1070 3197 1145 3238 cum

75 3274 206 3342 fortuna
219 3293 386 3342 mutarent
400 3277 564 3358 animum,
577 3274 716 3354 veritus,
730 3295 889 3361 occupare
903 3270 1072 3360 perfidiam
1086 3276 1147 3340 alia

75 3377 222 3461 perfidia,
236 3395 284 3461 et,
298 3378 490 3468 priusquam
502 3377 706 3442 occasionem
718 3373 860 3438 nocendi
873 3371 1146 3462 adipiscerentur,

73 3480 200 3545 auferre
213 3495 407 3570 potestatem
421 3479 554 3563 statuit,
569 3494 802 3568 suspectosque
813 3477 933 3565 passim
948 3493 986 3540 ut
999 3477 1032 3540 in
1045 3500 1146 3541 manu

75 3579 220 3663 haberet,
236 3606 369 3672 operam
386 3582 487 3646 dedit.

117 3683 286 3748 XXXVII.
300 3687 385 3747 Ante
399 3684 509 3747 omnia
522 3683 753 3772 Gallograecos‚
770 3695 937 3768 quotquot
947 3680 1145 3745 Tetrarchici

74 3784 199 3869 generis
215 3800 322 3866 erant,
344 3785 493 3847 amicitiae
513 3785 619 3874 specie
640 3784 835 3871 Pergamum
852 3796 1017 3862 evocatos,
1034 3799 1143 3847 sustu·

72 3883 124 3967 lit3
144 3909 249 3974 quum
268 3887 414 3975 ipsorum
433 3886 565 3951 insidias
581 3887 634 3950 vix
650 3885 807 3948 evitasset.
827 3881 877 3946 Ad
896 3884 1062 3973 sexaginta
1078 3909 1142 3950 nu·

72 4009 161 4052 mero
174 4006 413 4070 convenerant,
431 4007 478 4071 et,
494 4012 597 4076 quum
612 3986 770 4052 serviliter
782 4006 815 4048 se
830 3984 940 4049 baberi
956 4003 1142 4068 cernerent,

71 4091 336 4179 conspiraverant
352 4092 386 4155 in
404 4115 517 4156 necem
537 4091 630 4180 regis.
648 4088 817 4175 Praecipue
832 4087 951 4151 robore
962 4087 1142 4152 Teredorix

71 4191 200 4276 quidam
212 4193 528 4281 erat,'1'osioporum
540 4191 720 4256 tetrarcha:
733 4190 759 4253 is
772 4187 995 4254 Mithridatem
1009 4188 1043 4251 in
1054 4213 1143 4278 gym-

72 4293 157 4356 nasio
167 4294 223 4375 jus
240 4292 423 4375 dicentem,
437 4317 513 4358 cum
528 4293 600 4382 ipso
615 4291 769 4357 tribunali
782 4291 814 4353 in
831 4312 973 4378 praeceps
988 4288 1141 4370 daturus,

101 4486 258 4551 sum.
271 4487 380 4551 Appias.
393 4514 428 4525 -
442 4487 459 4554 s
472 4486 583 4536 XXXV.
598 4486 662 4534 Plut.
673 4487 699 4533 in
713 4483 833 4543 Lucullo,
846 4499 900 4548 cap.
911 4483 935 4531 5.
951 4507 985 4518 —-
1000 4482 1107 4545 Appian.
