2670 5018
215 810 221 819 1
270 728 326 797 ΙΝ
356 727 469 796 LOC.
496 727 590 795 LIB.
618 727 801 794 LXXVII
832 727 1050 797 LlVlANl.
1155 725 1199 795 -5

121 869 188 928 tos,
206 866 245 914 ut
263 850 425 940 pugiones
442 850 505 913 sub
520 839 664 913 vestibus
680 871 791 913 secum
808 849 950 934 l'errent3
968 850 1071 937 iisque
1084 849 1199 914 adver·

123 976 176 1017 sus
189 975 421 1040 quoscumque
432 973 515 1039 opus
527 967 612 1017 esset
621 999 630 1031 ,
640 973 682 1014 ne
694 949 883 1014 consulibus
897 949 1030 1038 quidem
1042 951 1200 1038 exceptis,

125 1070 307 1119 uterentur.

168 1160 227 1222 xl.
252 1158 306 1222 Sic
327 1158 505 1219 instructus
524 1154 565 1218 ad
586 1152 689 1219 aedem
707 1142 879 1219 Castorum
896 1154 1018 1241 pergit,
1042 1154 1099 1217 ubi
1117 1155 1203 1219 forte

126 1261 317 1324 concionem
345 1259 495 1322 consules
521 1256 706 1321 habebant:
735 1257 780 1320 ibi
805 1256 921 1338 ferias,
948 1271 986 1319 ut
1006 1278 1120 1342 parum
1142 1257 1203 1320 rite

126 1361 265 1441 edictas,
278 1383 414 1449 arguere
429 1381 522 1423 orsus
531 1407 541 1437 ,
550 1374 717 1447 postremo
729 1357 797 1421 tolli
812 1379 890 1420 easa
902 1344 1093 1420 consulibus
1099 1356 1203 1437 jubet,

127 1462 334 1550 comitiisque
361 1460 469 1550 legunt
496 1476 625 1548 tempus
650 1476 748 1547 atque
775 1460 884 1523 locum
911 1456 992 1524 dari.
1016 1460 1101 1523 Tum
1125 1481 1203 1522 vero

127 1564 316 1628 consulibus
332 1561 597 1643 adversantibus,
613 1562 648 1629 in
663 1583 800 1624 nervum
815 1561 923 1649 erupit
939 1561 1048 1641 furor,
1067 1560 1203 1625 strictis-

128 1689 192 1752 que
216 1663 428 1728 mucronibus
449 1663 497 1727 vis
517 1664 700 1728 intentatur
714 1686 722 1727 :
736 1660 823 1726 cadit
835 1663 922 1727 inter
934 1664 1014 1727 alios
1027 1662 1203 1751 Pompeius

128 1765 314 1829 adolescens
331 1744 474 1829 considis
489 1763 593 1846 filius,
613 1763 766 1851 idemque
784 1764 915 1828 alterius
931 1765 1076 1830 consulis
1088 1786 1202 1853 gener:

131 1882 220 1954 pater
241 1865 416 1954 Pompeius
436 1866 517 1930 clam
533 1866 693 1931 elabitur:
710 1865 814 1946 Sulla,
831 1866 935 1953 quiin
953 1864 1091 1930 domum
1109 1865 1204 1930 Marii

130 1968 339 2056 confligeret,
356 1968 443 2048 sive,
460 1984 498 2031 ut
511 1968 580 2055 ipse
594 1969 628 2030 in
641 1969 889 2032 Commentariis
905 1968 1067 2057 prodidit,
1078 1969 1205 2033 cinctus

131 2070 337 2134 inimicorum
352 2069 465 2159 gladiis
476 2067 684 2135 consultandi
698 2092 793 2133 causa
809 2086 998 2150 secesserat,
1009 2093 1113 2158 quum
1128 2069 1205 2135 inde

131 2171 277 2236 rediisset
293 2173 326 2235 in
345 2174 474 2253 forum,
487 2172 651 2252 justitium
666 2193 705 2234 ex
719 2172 886 2235 voluntate
901 2172 1033 2259 Sulpicii
1048 2172 1154 2237 solvit.

174 2276 249 2338 ΧΠ.
274 2272 353 2337 ldeo
376 2275 538 2363 Sulpicius
564 2273 695 2361 reliquit
719 2273 941 2362 magistratum
962 2272 1077 2352 Sulla,
1101 2297 1205 2361 quum

130 2375 284 2440 eumdem
302 2377 343 2458 Q.
365 2377 523 2465 Pompeio
541 2376 722 2466 abrogaret.
740 2376 789 2440 Ita
806 2374 958 2439 dimissus
972 2373 1014 2438 ad
1028 2375 1205 2439 exercitum

131 2479 239 2559 Sulla,
257 2500 361 2565 quum
380 2481 523 2567 Capuam
544 2479 702 2559 venisset,
721 2476 811 2542 unde
829 2475 926 2540 rebus
946 2476 1101 2540 omnibus
1118 2475 1207 2540 ordi·

133 2577 214 2638 natis
231 2575 273 2639 ad
294 2576 416 2640 bellum
440 2578 608 2643 asiaticum
629 2601 763 2668 pergere
788 2594 964 2659 statuerat,
987 2578 1023 2642 P.
1045 2578 1207 2666 Sulpicius

132 2679 255 2766 legem,
273 2679 366 2759 cujus
384 2702 462 2767 ergo
481 2680 586 2744 turbae
603 2682 670 2745 istae
687 2681 830 2744 excitatae
845 2702 960 2743 omnes
975 2679 1122 2755 lucrant,
1136 2702 1209 2767 per-

134 2781 216 2861 fert,
237 2778 410 2868 Gaiumque
424 2780 567 2845 Marium
576 2806 636 2871 pro
650 2782 745 2847 Sulla
763 2782 971 2846 mithridatici
983 2781 1060 2845 belli
1076 2784 1209 2869 impera·

132 2897 230 2945 torem
251 2906 313 2946 esse
327 2883 430 2963 jubet.
450 2885 592 2948 Mittitur
608 2908 625 2948 e
643 2886 777 2973 vestigio
800 2885 983 2966 Gratidius,
1003 2884 1208 2972 propinquus

134 3002 165 3048 et
182 2986 304 3074 legatus
326 2986 442 3067 Marii,
462 2988 619 3051 eumalio
639 2986 771 3052 tribuno
795 2987 954 3069 militum,
975 2987 1032 3075 qui
1051 2986 1208 3049 nolanum

133 3088 311 3153 exercitum
335 3088 377 3152 ad
399 3089 539 3154 Marium
562 3087 753 3176 perducant.
774 3092 817 3153 At
836 3089 942 3168 Sulla,
960 3087 1116 3175 cognitis,
1136 3109 1209 3175 quae

135 3191 167 3251 in
183 3189 270 3252 Urbe
285 3189 418 3269 fierent,
430 3192 496 3272 jam
515 3190 557 3254 ad
574 3191 718 3280 legiones
740 3206 872 3254 venerat
891 3190 995 3279 prior,
1014 3203 1209 3274 vocatusque
1285 3196 1288 3204 ’

135 3291 166 3351 in
182 3291 374 3354 concionem
389 3293 433 3356 ita
449 3309 516 3356 erat
530 3293 738 3380 alloquutus:

179 3392 270 3455 Xlll.
292 3425 305 3448 κ
317 3393 401 3475 Quae
418 3393 476 3482 per
495 3395 592 3458 hosce
611 3392 679 3458 dies
699 3395 731 3457 in
749 3395 837 3457 Urbe
858 3409 945 3483 gesta
960 3409 1054 3473 sunt,
1072 3391 1210 3472 milites,

135 3494 344 3558 ··eava1ieatl
357 3518 415 3558 vos
432 3498 552 3584 perlata
567 3520 635 3561 esse
653 3498 819 3576 existimo,
837 3512 874 3560 ut
887 3498 989 3559 ferme
1002 3496 1124 3574 solent,
1138 3517 1211 3580 quae

136 3624 147 3645 ιι
160 3596 293 3660 incertis
315 3599 523 3681 auctoribus,
543 3615 599 3663 aut
621 3623 703 3688 vago
724 3622 881 3679 rumore,
902 3595 1110 3660 differuntur.
1135 3595 1212 3676 Quo

136 3731 147 3748 ··
160 3699 259 3787 nangis
274 3697 315 3761 ad
329 3722 386 3763 vos
400 3701 644 3791 properandum
658 3726 726 3765 esse
739 3701 867 3780 censui,
881 3715 918 3762 ut
931 3701 964 3762 in
980 3696 1223 3762 communibus

136 3797 284 3877 «injuriis
311 3801 419 3863 mutui
435 3801 607 3891 adspectus
636 3804 750 3867 solatio
777 3819 963 3881 uteremur3
983 3817 1016 3865 et
1034 3824 1110 3876 vos,
1132 3799 1212 3887 quid

136 3901 238 3963 «mibi
258 3902 300 3964 sit
324 3903 357 3965 in
383 3904 596 3989 praesentibus
616 3904 763 3984 consilii,
787 3927 867 3992 ego,
885 3901 964 3990 quid
984 3902 1077 3965 vobis
1094 3902 1212 3965 volun·

135 4004 251 4082 «tatis,
269 4027 551 4093 cognosceremus.
570 4006 654 4069 Nam
677 4005 838 4093 siquidem
856 4003 970 4092 populi
987 4001 1114 4066 romani
1131 4024 1212 4065 con·

136 4104 260 4169 usulem
273 4154 282 4186 ‚
297 4108 525 4194 imperatorem
546 4124 710 4186 vestrum,
732 4130 796 4169 una
823 4129 898 4170 cum
921 4101 1076 4168 concordi
1091 4102 1216 4189 collega

170 4340 187 4405 s
202 4342 234 4389 x.
247 4343 356 4406 Appiau.
374 4370 408 4379 -
425 4341 500 4406 §XL
519 4343 642 4391 Plutarch.
663 4345 690 4389 in
707 4343 788 4399 Sulla,
803 4341 1033 4406 cap.16,etMar.
1051 4355 1105 4403 cap.
1124 4337 1165 4397 57·
1180 4360 1216 4375 -ν-

136 4423 244 4488 Appiam
259 4454 290 4461 —-
303 4426 357 4474 tiv.
369 4427 435 4491 Epir.
448 4453 482 4464 -
490 4427 554 4475 vett.
568 4456 601 4463 —
611 4426 627 4490 S
638 4430 694 4475 llll.
704 4426 827 4474 Plutarch.
838 4426 864 4472 in
876 4426 942 4472 Sulla
955 4436 978 4473 et
992 4425 1053 4472 Mar.
1065 4451 1098 4460 —-
1108 4419 1216 4487 Appian-

134 4525 189 4574 cap.
206 4509 250 4557 58.
263 4537 297 4547 -
305 4509 361 4558 vat.
373 4511 441 4576 Mu.
456 4512 508 4568 lx,
523 4527 545 4568 7.
560 4539 593 4548 -
609 4510 684 4559 Diod.
700 4510 766 4575 apud
777 4509 858 4559 Voles.
