<?xml version="1.0" encoding="UTF-8"?>
<!DOCTYPE html PUBLIC "-//W3C//DTD XHTML 1.0 Transitional//EN"
    "http://www.w3.org/TR/xhtml1/DTD/xhtml1-transitional.dtd">
<html xmlns="http://www.w3.org/1999/xhtml" xml:lang="en" lang="en">
 <head>
  <title>
</title>
<meta http-equiv="Content-Type" content="text/html;charset=utf-8" />
  <meta name='ocr-system' content='tesseract 3.04.00' />
  <meta name='ocr-capabilities' content='ocr_page ocr_carea ocr_par ocr_line ocrx_word'/>
</head>
<body>
  <div class='ocr_page' id='page_1' title='image "./titusliviuspata01freigoog_0034.png"; bbox 0 0 2670 5018; ppageno 0'>
   <div class='ocr_carea' id='block_1_1' title="bbox 59 424 1209 625">
    <p class='ocr_par' dir='ltr' id='par_1_1' title="bbox 59 424 1209 625">
     <span class='ocr_line' id='line_1_1' title="bbox 318 424 1209 439; baseline 0.002 -10"><span class='ocrx_word' id='word_1_1' title='bbox 318 424 332 439; x_wconf 53' lang='grc' dir='ltr'><strong><em>ο</em></strong></span> <span class='ocrx_word' id='word_1_2' title='bbox 1206 426 1209 431; x_wconf 95' lang='grc'>.</span> 
     </span>
     <span class='ocr_line' id='line_1_2' title="bbox 1096 480 1102 501; baseline 0 0"><span class='ocrx_word' id='word_1_3' title='bbox 1096 480 1102 501; x_wconf 72' lang='grc' dir='ltr'><em>Ι</em></span> 
     </span>
     <span class='ocr_line' id='line_1_3' title="bbox 364 530 385 544; baseline 0 0"><span class='ocrx_word' id='word_1_4' title='bbox 364 530 385 544; x_wconf 62' lang='grc' dir='ltr'>ι</span> 
     </span>
     <span class='ocr_line' id='line_1_4' title="bbox 59 596 71 625; baseline 0 0"><span class='ocrx_word' id='word_1_5' title='bbox 59 596 71 625; x_wconf 75' lang='grc' dir='ltr'><strong><em>ὀ</em></strong></span> 
     </span>
    </p>
   </div>
   <div class='ocr_carea' id='block_1_2' title="bbox 179 767 1135 843">
    <p class='ocr_par' dir='ltr' id='par_1_2' title="bbox 179 767 1135 843">
     <span class='ocr_line' id='line_1_5' title="bbox 179 767 1135 843; baseline 0.007 -7"><span class='ocrx_word' id='word_1_6' title='bbox 179 769 242 836; x_wconf 87' lang='lat' dir='ltr'>IN</span> <span class='ocrx_word' id='word_1_7' title='bbox 276 767 518 837; x_wconf 85' lang='lat' dir='ltr'>LOC.L1B.</span> <span class='ocrx_word' id='word_1_8' title='bbox 547 767 758 837; x_wconf 83' lang='lat' dir='ltr'>LXXVIII</span> <span class='ocrx_word' id='word_1_9' title='bbox 787 768 1003 841; x_wconf 76' lang='lat' dir='ltr'>L1v1sn1.</span> <span class='ocrx_word' id='word_1_10' title='bbox 1064 809 1066 812; x_wconf 55' lang='lat'>&gt;</span> <span class='ocrx_word' id='word_1_11' title='bbox 1091 770 1135 843; x_wconf 85' lang='lat'>25</span> 
     </span>
    </p>
   </div>
   <div class='ocr_carea' id='block_1_3' title="bbox 61 888 1199 3929">
    <p class='ocr_par' dir='ltr' id='par_1_3' title="bbox 61 888 1135 1487">
     <span class='ocr_line' id='line_1_6' title="bbox 61 888 1135 980; baseline -0.008 -23"><span class='ocrx_word' id='word_1_12' title='bbox 61 891 233 957; x_wconf 80' lang='lat' dir='ltr'>revertenti</span> <span class='ocrx_word' id='word_1_13' title='bbox 245 888 449 954; x_wconf 81' lang='lat' dir='ltr'><strong>Stratonicea</strong></span> <span class='ocrx_word' id='word_1_14' title='bbox 462 906 572 976; x_wconf 87' lang='lat' dir='ltr'>portas</span> <span class='ocrx_word' id='word_1_15' title='bbox 586 889 715 970; x_wconf 86' lang='lat' dir='ltr'>elausit,</span> <span class='ocrx_word' id='word_1_16' title='bbox 730 908 799 952; x_wconf 92' lang='lat' dir='ltr'>non</span> <span class='ocrx_word' id='word_1_17' title='bbox 812 891 964 980; x_wconf 84' lang='lat' dir='ltr'>ignobilis</span> <span class='ocrx_word' id='word_1_18' title='bbox 975 895 1075 958; x_wconf 86' lang='lat' dir='ltr'>Cariae</span> <span class='ocrx_word' id='word_1_19' title='bbox 1088 896 1135 959; x_wconf 89' lang='lat' dir='ltr'>ei.</span> 
     </span>
     <span class='ocr_line' id='line_1_7' title="bbox 61 989 1135 1082; baseline 0.005 -25"><span class='ocrx_word' id='word_1_20' title='bbox 61 994 146 1057; x_wconf 81' lang='lat' dir='ltr'>titas.</span> <span class='ocrx_word' id='word_1_21' title='bbox 160 991 270 1082; x_wconf 83' lang='lat' dir='ltr'>Igitur</span> <span class='ocrx_word' id='word_1_22' title='bbox 284 1006 361 1079; x_wconf 89' lang='lat' dir='ltr'>post</span> <span class='ocrx_word' id='word_1_23' title='bbox 374 989 574 1057; x_wconf 89' lang='lat' dir='ltr'>deditionem</span> <span class='ocrx_word' id='word_1_24' title='bbox 584 989 756 1079; x_wconf 85' lang='lat' dir='ltr'>pecuniam</span> <span class='ocrx_word' id='word_1_25' title='bbox 774 992 881 1080; x_wconf 83' lang='lat' dir='ltr'>exegit</span> <span class='ocrx_word' id='word_1_26' title='bbox 893 994 934 1056; x_wconf 84' lang='lat' dir='ltr'>ab</span> <span class='ocrx_word' id='word_1_27' title='bbox 946 995 1135 1082; x_wconf 86' lang='lat' dir='ltr'>oppidanis,</span> 
     </span>
     <span class='ocr_line' id='line_1_8' title="bbox 63 1091 1132 1184; baseline 0.004 -25"><span class='ocrx_word' id='word_1_28' title='bbox 63 1093 314 1184; x_wconf 80' lang='lat' dir='ltr'>praesidiumque</span> <span class='ocrx_word' id='word_1_29' title='bbox 331 1092 498 1179; x_wconf 86' lang='lat' dir='ltr'><strong>imposuit.</strong></span> <span class='ocrx_word' id='word_1_30' title='bbox 523 1095 613 1158; x_wconf 92' lang='lat' dir='ltr'>Dum</span> <span class='ocrx_word' id='word_1_31' title='bbox 628 1093 663 1155; x_wconf 93' lang='lat' dir='ltr'>in</span> <span class='ocrx_word' id='word_1_32' title='bbox 687 1092 737 1155; x_wconf 87' lang='lat' dir='ltr'>his</span> <span class='ocrx_word' id='word_1_33' title='bbox 759 1091 914 1159; x_wconf 81' lang='lat' dir='ltr'><strong>curandis</strong></span> <span class='ocrx_word' id='word_1_34' title='bbox 934 1114 1132 1184; x_wconf 87' lang='lat' dir='ltr'>occupatur,</span> 
     </span>
     <span class='ocr_line' id='line_1_9' title="bbox 64 1193 1133 1283; baseline 0.006 -25"><span class='ocrx_word' id='word_1_35' title='bbox 64 1195 143 1258; x_wconf 79' lang='lat' dir='ltr'>sorte</span> <span class='ocrx_word' id='word_1_36' title='bbox 162 1194 307 1283; x_wconf 88' lang='lat' dir='ltr'>puellam</span> <span class='ocrx_word' id='word_1_37' title='bbox 326 1193 463 1283; x_wconf 77' lang='lat' dir='ltr'>egregiae</span> <span class='ocrx_word' id='word_1_38' title='bbox 477 1195 590 1257; x_wconf 81' lang='lat' dir='ltr'>formae</span> <span class='ocrx_word' id='word_1_39' title='bbox 606 1194 827 1281; x_wconf 80' lang='lat' dir='ltr'>conspicatus,</span> <span class='ocrx_word' id='word_1_40' title='bbox 840 1195 996 1260; x_wconf 81' lang='lat' dir='ltr'>Monimoe</span> <span class='ocrx_word' id='word_1_41' title='bbox 1011 1221 1133 1264; x_wconf 87' lang='lat' dir='ltr'>nomen</span> 
     </span>
     <span class='ocr_line' id='line_1_10' title="bbox 65 1294 1134 1385; baseline 0.005 -24"><span class='ocrx_word' id='word_1_42' title='bbox 65 1311 146 1376; x_wconf 86' lang='lat' dir='ltr'>erat,</span> <span class='ocrx_word' id='word_1_43' title='bbox 160 1295 415 1383; x_wconf 80' lang='lat' dir='ltr'>Philopoemenis</span> <span class='ocrx_word' id='word_1_44' title='bbox 426 1294 543 1360; x_wconf 77' lang='lat' dir='ltr'>Milesii</span> <span class='ocrx_word' id='word_1_45' title='bbox 558 1294 647 1376; x_wconf 83' lang='lat' dir='ltr'>filiae,</span> <span class='ocrx_word' id='word_1_46' title='bbox 663 1318 779 1360; x_wconf 90' lang='lat' dir='ltr'>aureos</span> <span class='ocrx_word' id='word_1_47' title='bbox 792 1297 822 1360; x_wconf 89' lang='lat' dir='ltr'>ei</span> <span class='ocrx_word' id='word_1_48' title='bbox 836 1297 1025 1385; x_wconf 83' lang='lat' dir='ltr'>quindecim</span> <span class='ocrx_word' id='word_1_49' title='bbox 1035 1302 1134 1366; x_wconf 89' lang='lat' dir='ltr'>millia</span> 
     </span>
     <span class='ocr_line' id='line_1_11' title="bbox 65 1396 833 1487; baseline -0.001 -25"><span class='ocrx_word' id='word_1_50' title='bbox 65 1397 150 1462; x_wconf 90' lang='lat' dir='ltr'>dono</span> <span class='ocrx_word' id='word_1_51' title='bbox 165 1397 273 1478; x_wconf 90' lang='lat' dir='ltr'>misit,</span> <span class='ocrx_word' id='word_1_52' title='bbox 287 1396 655 1487; x_wconf 81' lang='lat' dir='ltr'>concubitumvirginis</span> <span class='ocrx_word' id='word_1_53' title='bbox 669 1413 833 1486; x_wconf 78' lang='lat' dir='ltr'>expetens.</span> 
     </span>
    </p>

    <p class='ocr_par' dir='ltr' id='par_1_4' title="bbox 65 1497 1199 2402">
     <span class='ocr_line' id='line_1_12' title="bbox 105 1497 1136 1588; baseline 0.007 -28"><span class='ocrx_word' id='word_1_54' title='bbox 105 1500 145 1563; x_wconf 92' lang='lat' dir='ltr'>V.</span> <span class='ocrx_word' id='word_1_55' title='bbox 170 1498 237 1564; x_wconf 83' lang='lat' dir='ltr'>Sed</span> <span class='ocrx_word' id='word_1_56' title='bbox 258 1499 312 1563; x_wconf 89' lang='lat' dir='ltr'>illa</span> <span class='ocrx_word' id='word_1_57' title='bbox 327 1497 517 1586; x_wconf 80' lang='lat' dir='ltr'>pudicitiam</span> <span class='ocrx_word' id='word_1_58' title='bbox 541 1498 661 1564; x_wconf 79' lang='lat' dir='ltr'>divitiis</span> <span class='ocrx_word' id='word_1_59' title='bbox 683 1515 922 1587; x_wconf 89' lang='lat' dir='ltr'>anteponente,</span> <span class='ocrx_word' id='word_1_60' title='bbox 948 1524 1052 1588; x_wconf 90' lang='lat' dir='ltr'>quum</span> <span class='ocrx_word' id='word_1_61' title='bbox 1075 1525 1136 1567; x_wconf 89' lang='lat' dir='ltr'>nec</span> 
     </span>
     <span class='ocr_line' id='line_1_13' title="bbox 67 1599 1136 1691; baseline 0.001 -25"><span class='ocrx_word' id='word_1_62' title='bbox 67 1622 250 1691; x_wconf 81' lang='lat' dir='ltr'>expugnare</span> <span class='ocrx_word' id='word_1_63' title='bbox 266 1599 430 1665; x_wconf 89' lang='lat' dir='ltr'>blanditiis</span> <span class='ocrx_word' id='word_1_64' title='bbox 452 1601 599 1664; x_wconf 91' lang='lat' dir='ltr'>animum</span> <span class='ocrx_word' id='word_1_65' title='bbox 620 1600 689 1680; x_wconf 86' lang='lat' dir='ltr'>ejus</span> <span class='ocrx_word' id='word_1_66' title='bbox 706 1615 835 1687; x_wconf 86' lang='lat' dir='ltr'>posset,</span> <span class='ocrx_word' id='word_1_67' title='bbox 856 1623 964 1690; x_wconf 88' lang='lat' dir='ltr'>neque</span> <span class='ocrx_word' id='word_1_68' title='bbox 985 1603 1052 1666; x_wconf 82' lang='lat' dir='ltr'>vim</span> <span class='ocrx_word' id='word_1_69' title='bbox 1078 1604 1136 1667; x_wconf 86' lang='lat' dir='ltr'>ad·</span> 
     </span>
     <span class='ocr_line' id='line_1_14' title="bbox 66 1697 1199 1794; baseline 0.001 -26"><span class='ocrx_word' id='word_1_70' title='bbox 66 1705 176 1769; x_wconf 90' lang='lat' dir='ltr'>hibere</span> <span class='ocrx_word' id='word_1_71' title='bbox 194 1702 311 1784; x_wconf 85' lang='lat' dir='ltr'>vellet,</span> <span class='ocrx_word' id='word_1_72' title='bbox 328 1725 368 1767; x_wconf 89' lang='lat' dir='ltr'>eo</span> <span class='ocrx_word' id='word_1_73' title='bbox 387 1719 590 1791; x_wconf 89' lang='lat' dir='ltr'>postremum</span> <span class='ocrx_word' id='word_1_74' title='bbox 616 1701 777 1768; x_wconf 83' lang='lat' dir='ltr'>adductus</span> <span class='ocrx_word' id='word_1_75' title='bbox 798 1719 867 1794; x_wconf 80' lang='lat' dir='ltr'>est,</span> <span class='ocrx_word' id='word_1_76' title='bbox 879 1719 917 1768; x_wconf 92' lang='lat' dir='ltr'>ut</span> <span class='ocrx_word' id='word_1_77' title='bbox 934 1705 1037 1783; x_wconf 85' lang='lat' dir='ltr'>justas</span> <span class='ocrx_word' id='word_1_78' title='bbox 1059 1728 1136 1770; x_wconf 89' lang='lat' dir='ltr'>cum</span> <span class='ocrx_word' id='word_1_79' title='bbox 1197 1697 1199 1701; x_wconf 47' lang='grc'>’</span> 
     </span>
     <span class='ocr_line' id='line_1_15' title="bbox 66 1804 1138 1896; baseline 0.002 -27"><span class='ocrx_word' id='word_1_80' title='bbox 66 1829 99 1870; x_wconf 88' lang='lat' dir='ltr'>ea</span> <span class='ocrx_word' id='word_1_81' title='bbox 112 1806 244 1894; x_wconf 81' lang='lat' dir='ltr'>nuptias</span> <span class='ocrx_word' id='word_1_82' title='bbox 257 1806 479 1886; x_wconf 89' lang='lat' dir='ltr'>contraheret,</span> <span class='ocrx_word' id='word_1_83' title='bbox 491 1805 656 1896; x_wconf 84' lang='lat' dir='ltr'>missoque</span> <span class='ocrx_word' id='word_1_84' title='bbox 668 1804 866 1887; x_wconf 86' lang='lat' dir='ltr'>diademate,</span> <span class='ocrx_word' id='word_1_85' title='bbox 880 1808 1022 1894; x_wconf 75' lang='lat' dir='ltr'>reginam</span> <span class='ocrx_word' id='word_1_86' title='bbox 1028 1808 1138 1896; x_wconf 89' lang='lat' dir='ltr'>appel·</span> 
     </span>
     <span class='ocr_line' id='line_1_16' title="bbox 65 1906 1136 1997; baseline 0.004 -27"><span class='ocrx_word' id='word_1_87' title='bbox 65 1906 151 1972; x_wconf 82' lang='lat' dir='ltr'>laret</span> <span class='ocrx_word' id='word_1_88' title='bbox 165 1906 244 1969; x_wconf 78' lang='lat' dir='ltr'>llaec</span> <span class='ocrx_word' id='word_1_89' title='bbox 255 1928 313 1993; x_wconf 89' lang='lat' dir='ltr'>per</span> <span class='ocrx_word' id='word_1_90' title='bbox 326 1906 431 1970; x_wconf 90' lang='lat' dir='ltr'>otium</span> <span class='ocrx_word' id='word_1_91' title='bbox 445 1906 562 1997; x_wconf 84' lang='lat' dir='ltr'>agendi</span> <span class='ocrx_word' id='word_1_92' title='bbox 577 1923 706 1995; x_wconf 84' lang='lat' dir='ltr'>ternpus</span> <span class='ocrx_word' id='word_1_93' title='bbox 720 1909 788 1996; x_wconf 83' lang='lat' dir='ltr'>regi</span> <span class='ocrx_word' id='word_1_94' title='bbox 808 1930 950 1972; x_wconf 86' lang='lat' dir='ltr'>romauae</span> <span class='ocrx_word' id='word_1_95' title='bbox 963 1910 1053 1974; x_wconf 90' lang='lat' dir='ltr'>urbis</span> <span class='ocrx_word' id='word_1_96' title='bbox 1067 1909 1136 1975; x_wconf 88' lang='lat' dir='ltr'>dis-</span> 
     </span>
     <span class='ocr_line' id='line_1_17' title="bbox 65 2007 1136 2099; baseline 0.005 -28"><span class='ocrx_word' id='word_1_97' title='bbox 65 2008 181 2072; x_wconf 80' lang='lat' dir='ltr'>eordiae</span> <span class='ocrx_word' id='word_1_98' title='bbox 205 2007 348 2089; x_wconf 89' lang='lat' dir='ltr'>dabaut;</span> <span class='ocrx_word' id='word_1_99' title='bbox 372 2010 492 2096; x_wconf 87' lang='lat' dir='ltr'>quibus</span> <span class='ocrx_word' id='word_1_100' title='bbox 513 2011 699 2098; x_wconf 88' lang='lat' dir='ltr'>prohibitus</span> <span class='ocrx_word' id='word_1_101' title='bbox 718 2010 805 2075; x_wconf 88' lang='lat' dir='ltr'>Sulla</span> <span class='ocrx_word' id='word_1_102' title='bbox 823 2027 986 2075; x_wconf 88' lang='lat' dir='ltr'>maturare</span> <span class='ocrx_word' id='word_1_103' title='bbox 1004 2012 1136 2099; x_wconf 87' lang='lat' dir='ltr'>expedi-</span> 
     </span>
     <span class='ocr_line' id='line_1_18' title="bbox 67 2111 1134 2199; baseline 0.002 -24"><span class='ocrx_word' id='word_1_104' title='bbox 67 2112 188 2176; x_wconf 85' lang='lat' dir='ltr'>tionem</span> <span class='ocrx_word' id='word_1_105' title='bbox 207 2112 410 2199; x_wconf 87' lang='lat' dir='ltr'>nequiverat.</span> <span class='ocrx_word' id='word_1_106' title='bbox 433 2112 497 2176; x_wconf 90' lang='lat' dir='ltr'>Sed</span> <span class='ocrx_word' id='word_1_107' title='bbox 520 2130 554 2177; x_wconf 88' lang='lat' dir='ltr'>et</span> <span class='ocrx_word' id='word_1_108' title='bbox 579 2113 772 2176; x_wconf 74' lang='lat' dir='ltr'>nummariae</span> <span class='ocrx_word' id='word_1_109' title='bbox 798 2113 844 2177; x_wconf 92' lang='lat' dir='ltr'>rei</span> <span class='ocrx_word' id='word_1_110' title='bbox 869 2111 1040 2177; x_wconf 88' lang='lat' dir='ltr'>difficultas</span> <span class='ocrx_word' id='word_1_111' title='bbox 1056 2121 1134 2177; x_wconf 71' lang='lat' dir='ltr'>‘non</span> 
     </span>
     <span class='ocr_line' id='line_1_19' title="bbox 65 2212 1133 2302; baseline 0.004 -27"><span class='ocrx_word' id='word_1_112' title='bbox 65 2235 199 2301; x_wconf 84' lang='lat' dir='ltr'>parvum</span> <span class='ocrx_word' id='word_1_113' title='bbox 224 2212 392 2276; x_wconf 76' lang='lat' dir='ltr'>festinanti</span> <span class='ocrx_word' id='word_1_114' title='bbox 419 2214 692 2302; x_wconf 84' lang='lat' dir='ltr'>impedimentum</span> <span class='ocrx_word' id='word_1_115' title='bbox 722 2238 756 2279; x_wconf 89' lang='lat' dir='ltr'>se</span> <span class='ocrx_word' id='word_1_116' title='bbox 778 2214 972 2293; x_wconf 85' lang='lat' dir='ltr'>objecerat:</span> <span class='ocrx_word' id='word_1_117' title='bbox 1006 2230 1133 2280; x_wconf 87' lang='lat' dir='ltr'>tautum</span> 
     </span>
     <span class='ocr_line' id='line_1_20' title="bbox 66 2314 951 2402; baseline 0.003 -26"><span class='ocrx_word' id='word_1_118' title='bbox 66 2314 180 2402; x_wconf 74' lang='lat' dir='ltr'>inopiae</span> <span class='ocrx_word' id='word_1_119' title='bbox 198 2337 268 2378; x_wconf 91' lang='lat' dir='ltr'>uno</span> <span class='ocrx_word' id='word_1_120' title='bbox 289 2315 434 2379; x_wconf 86' lang='lat' dir='ltr'>intestini</span> <span class='ocrx_word' id='word_1_121' title='bbox 450 2316 526 2380; x_wconf 89' lang='lat' dir='ltr'>belli</span> <span class='ocrx_word' id='word_1_122' title='bbox 542 2317 677 2381; x_wconf 89' lang='lat' dir='ltr'>biennio</span> <span class='ocrx_word' id='word_1_123' title='bbox 694 2316 849 2380; x_wconf 86' lang='lat' dir='ltr'>effectum</span> <span class='ocrx_word' id='word_1_124' title='bbox 864 2316 951 2379; x_wconf 89' lang='lat' dir='ltr'>erat!</span> 
     </span>
    </p>

    <p class='ocr_par' dir='ltr' id='par_1_5' title="bbox 65 2415 1171 3320">
     <span class='ocr_line' id='line_1_21' title="bbox 104 2415 1136 2506; baseline 0.003 -29"><span class='ocrx_word' id='word_1_125' title='bbox 104 2416 162 2480; x_wconf 88' lang='lat' dir='ltr'>Vl.</span> <span class='ocrx_word' id='word_1_126' title='bbox 197 2416 312 2503; x_wconf 85' lang='lat' dir='ltr'>Neque</span> <span class='ocrx_word' id='word_1_127' title='bbox 332 2415 467 2481; x_wconf 81' lang='lat' dir='ltr'>deerant</span> <span class='ocrx_word' id='word_1_128' title='bbox 484 2418 621 2482; x_wconf 91' lang='lat' dir='ltr'>omnino</span> <span class='ocrx_word' id='word_1_129' title='bbox 644 2418 806 2506; x_wconf 84' lang='lat' dir='ltr'>pecuniae,</span> <span class='ocrx_word' id='word_1_130' title='bbox 827 2418 884 2483; x_wconf 87' lang='lat' dir='ltr'>sed</span> <span class='ocrx_word' id='word_1_131' title='bbox 906 2439 1027 2506; x_wconf 86' lang='lat' dir='ltr'>paucos</span> <span class='ocrx_word' id='word_1_132' title='bbox 1051 2418 1136 2480; x_wconf 84' lang='lat' dir='ltr'>intra</span> 
     </span>
     <span class='ocr_line' id='line_1_22' title="bbox 65 2517 1134 2607; baseline 0.002 -27"><span class='ocrx_word' id='word_1_133' title='bbox 65 2519 151 2581; x_wconf 84' lang='lat' dir='ltr'>tinus</span> <span class='ocrx_word' id='word_1_134' title='bbox 175 2517 425 2583; x_wconf 86' lang='lat' dir='ltr'>condebantur:</span> <span class='ocrx_word' id='word_1_135' title='bbox 448 2542 530 2606; x_wconf 86' lang='lat' dir='ltr'>quos</span> <span class='ocrx_word' id='word_1_136' title='bbox 552 2520 637 2584; x_wconf 87' lang='lat' dir='ltr'>inter</span> <span class='ocrx_word' id='word_1_137' title='bbox 657 2520 718 2585; x_wconf 90' lang='lat' dir='ltr'>Cn.</span> <span class='ocrx_word' id='word_1_138' title='bbox 729 2520 905 2607; x_wconf 88' lang='lat' dir='ltr'>Pompeius</span> <span class='ocrx_word' id='word_1_139' title='bbox 925 2519 1061 2600; x_wconf 83' lang='lat' dir='ltr'>Strabo,</span> <span class='ocrx_word' id='word_1_140' title='bbox 1077 2520 1134 2606; x_wconf 88' lang='lat' dir='ltr'>qui</span> 
     </span>
     <span class='ocr_line' id='line_1_23' title="bbox 65 2620 1135 2711; baseline 0.002 -27"><span class='ocrx_word' id='word_1_141' title='bbox 65 2621 223 2685; x_wconf 77' lang='lat' dir='ltr'>Asculum</span> <span class='ocrx_word' id='word_1_142' title='bbox 244 2622 336 2685; x_wconf 91' lang='lat' dir='ltr'>omni</span> <span class='ocrx_word' id='word_1_143' title='bbox 359 2620 515 2685; x_wconf 81' lang='lat' dir='ltr'>refertum</span> <span class='ocrx_word' id='word_1_144' title='bbox 534 2623 703 2711; x_wconf 88' lang='lat' dir='ltr'>opulentia</span> <span class='ocrx_word' id='word_1_145' title='bbox 722 2639 869 2711; x_wconf 85' lang='lat' dir='ltr'>ceperat,</span> <span class='ocrx_word' id='word_1_146' title='bbox 888 2621 931 2686; x_wconf 89' lang='lat' dir='ltr'>de</span> <span class='ocrx_word' id='word_1_147' title='bbox 948 2622 1045 2686; x_wconf 87' lang='lat' dir='ltr'>tantis</span> <span class='ocrx_word' id='word_1_148' title='bbox 1065 2645 1135 2686; x_wconf 91' lang='lat' dir='ltr'>ma·</span> 
     </span>
     <span class='ocr_line' id='line_1_24' title="bbox 65 2722 1132 2802; baseline 0.001 -17"><span class='ocrx_word' id='word_1_149' title='bbox 65 2723 171 2786; x_wconf 86' lang='lat' dir='ltr'>nubiis</span> <span class='ocrx_word' id='word_1_150' title='bbox 187 2723 221 2785; x_wconf 91' lang='lat' dir='ltr'>in</span> <span class='ocrx_word' id='word_1_151' title='bbox 236 2723 386 2787; x_wconf 72' lang='lat' dir='ltr'>aerarium</span> <span class='ocrx_word' id='word_1_152' title='bbox 401 2723 555 2787; x_wconf 88' lang='lat' dir='ltr'>intulerat</span> <span class='ocrx_word' id='word_1_153' title='bbox 570 2723 670 2788; x_wconf 90' lang='lat' dir='ltr'>nihil:</span> <span class='ocrx_word' id='word_1_154' title='bbox 690 2723 827 2787; x_wconf 83' lang='lat' dir='ltr'>bellator</span> <span class='ocrx_word' id='word_1_155' title='bbox 841 2722 1054 2802; x_wconf 85' lang='lat' dir='ltr'>fortissimus,</span> <span class='ocrx_word' id='word_1_156' title='bbox 1073 2722 1132 2786; x_wconf 88' lang='lat' dir='ltr'>sed</span> 
     </span>
     <span class='ocr_line' id='line_1_25' title="bbox 65 2818 1171 2915; baseline 0.002 -30"><span class='ocrx_word' id='word_1_157' title='bbox 65 2825 194 2889; x_wconf 82' lang='lat' dir='ltr'>avaritia</span> <span class='ocrx_word' id='word_1_158' title='bbox 205 2824 419 2912; x_wconf 84' lang='lat' dir='ltr'>inexplebilis.</span> <span class='ocrx_word' id='word_1_159' title='bbox 433 2825 537 2915; x_wconf 87' lang='lat' dir='ltr'>Igitur</span> <span class='ocrx_word' id='word_1_160' title='bbox 550 2826 637 2906; x_wconf 84' lang='lat' dir='ltr'>loca,</span> <span class='ocrx_word' id='word_1_161' title='bbox 652 2848 723 2914; x_wconf 83' lang='lat' dir='ltr'>quoe</span> <span class='ocrx_word' id='word_1_162' title='bbox 742 2828 775 2889; x_wconf 90' lang='lat' dir='ltr'>iu</span> <span class='ocrx_word' id='word_1_163' title='bbox 795 2825 968 2890; x_wconf 91' lang='lat' dir='ltr'>circumitu</span> <span class='ocrx_word' id='word_1_164' title='bbox 985 2826 1134 2912; x_wconf 87' lang='lat' dir='ltr'>Capitolii</span> <span class='ocrx_word' id='word_1_165' title='bbox 1169 2818 1171 2823; x_wconf 32' lang='lat'><strong>¹</strong></span> 
     </span>
     <span class='ocr_line' id='line_1_26' title="bbox 65 2924 1133 3015; baseline 0 -26"><span class='ocrx_word' id='word_1_166' title='bbox 65 2925 284 2990; x_wconf 84' lang='lat' dir='ltr'>sacerdotibus</span> <span class='ocrx_word' id='word_1_167' title='bbox 303 2943 336 2990; x_wconf 89' lang='lat' dir='ltr'>et</span> <span class='ocrx_word' id='word_1_168' title='bbox 348 2927 446 2991; x_wconf 88' lang='lat' dir='ltr'>sacris</span> <span class='ocrx_word' id='word_1_169' title='bbox 458 2928 553 3006; x_wconf 89' lang='lat' dir='ltr'>jama</span> <span class='ocrx_word' id='word_1_170' title='bbox 564 2926 681 2991; x_wconf 84' lang='lat' dir='ltr'>Numae</span> <span class='ocrx_word' id='word_1_171' title='bbox 693 2926 896 3015; x_wconf 85' lang='lat' dir='ltr'>temporibus</span> <span class='ocrx_word' id='word_1_172' title='bbox 909 2940 1002 2989; x_wconf 89' lang='lat' dir='ltr'>erant</span> <span class='ocrx_word' id='word_1_173' title='bbox 1012 2924 1133 3005; x_wconf 89' lang='lat' dir='ltr'>dicata,</span> 
     </span>
     <span class='ocr_line' id='line_1_27' title="bbox 67 3026 1136 3115; baseline 0.004 -27"><span class='ocrx_word' id='word_1_174' title='bbox 67 3026 207 3106; x_wconf 82' lang='lat' dir='ltr'>subjecta</span> <span class='ocrx_word' id='word_1_175' title='bbox 219 3026 338 3110; x_wconf 70' lang='lat' dir='ltr'>hastae,</span> <span class='ocrx_word' id='word_1_176' title='bbox 357 3044 390 3092; x_wconf 91' lang='lat' dir='ltr'>et</span> <span class='ocrx_word' id='word_1_177' title='bbox 399 3028 529 3115; x_wconf 87' lang='lat' dir='ltr'>publice</span> <span class='ocrx_word' id='word_1_178' title='bbox 546 3027 710 3093; x_wconf 87' lang='lat' dir='ltr'>divendita</span> <span class='ocrx_word' id='word_1_179' title='bbox 724 3044 812 3092; x_wconf 90' lang='lat' dir='ltr'>sunt.</span> <span class='ocrx_word' id='word_1_180' title='bbox 822 3028 902 3092; x_wconf 85' lang='lat' dir='ltr'>Auri</span> <span class='ocrx_word' id='word_1_181' title='bbox 919 3026 995 3091; x_wconf 88' lang='lat' dir='ltr'>inde</span> <span class='ocrx_word' id='word_1_182' title='bbox 1007 3027 1136 3092; x_wconf 85' lang='lat' dir='ltr'>redacta</span> 
     </span>
     <span class='ocr_line' id='line_1_28' title="bbox 66 3127 1135 3217; baseline 0.006 -29"><span class='ocrx_word' id='word_1_183' title='bbox 66 3127 161 3191; x_wconf 82' lang='lat' dir='ltr'>millia</span> <span class='ocrx_word' id='word_1_184' title='bbox 180 3129 336 3194; x_wconf 88' lang='lat' dir='ltr'>librarum</span> <span class='ocrx_word' id='word_1_185' title='bbox 360 3153 497 3196; x_wconf 81' lang='lat' dir='ltr'>norem:</span> <span class='ocrx_word' id='word_1_186' title='bbox 518 3152 555 3194; x_wconf 89' lang='lat' dir='ltr'>ea</span> <span class='ocrx_word' id='word_1_187' title='bbox 574 3131 641 3194; x_wconf 88' lang='lat' dir='ltr'>sola</span> <span class='ocrx_word' id='word_1_188' title='bbox 661 3145 788 3194; x_wconf 87' lang='lat' dir='ltr'>tanturn</span> <span class='ocrx_word' id='word_1_189' title='bbox 805 3129 845 3193; x_wconf 87' lang='lat' dir='ltr'>ad</span> <span class='ocrx_word' id='word_1_190' title='bbox 862 3129 984 3194; x_wconf 89' lang='lat' dir='ltr'>bellum</span> <span class='ocrx_word' id='word_1_191' title='bbox 1005 3128 1135 3217; x_wconf 88' lang='lat' dir='ltr'>profici·</span> 
     </span>
     <span class='ocr_line' id='line_1_29' title="bbox 67 3229 685 3320; baseline 0.003 -27"><span class='ocrx_word' id='word_1_192' title='bbox 67 3231 164 3293; x_wconf 87' lang='lat' dir='ltr'>scenti</span> <span class='ocrx_word' id='word_1_193' title='bbox 179 3229 221 3295; x_wconf 88' lang='lat' dir='ltr'>de</span> <span class='ocrx_word' id='word_1_194' title='bbox 235 3230 456 3318; x_wconf 88' lang='lat' dir='ltr'>publicodata</span> <span class='ocrx_word' id='word_1_195' title='bbox 471 3233 608 3320; x_wconf 89' lang='lat' dir='ltr'>pecunia</span> <span class='ocrx_word' id='word_1_196' title='bbox 628 3248 685 3296; x_wconf 87' lang='lat' dir='ltr'>est.</span> 
     </span>
    </p>

    <p class='ocr_par' dir='ltr' id='par_1_6' title="bbox 68 3330 1136 3929">
     <span class='ocr_line' id='line_1_30' title="bbox 107 3330 1136 3420; baseline 0.003 -28"><span class='ocrx_word' id='word_1_197' title='bbox 107 3330 179 3394; x_wconf 90' lang='lat' dir='ltr'>Vll.</span> <span class='ocrx_word' id='word_1_198' title='bbox 199 3333 327 3395; x_wconf 89' lang='lat' dir='ltr'>Interea</span> <span class='ocrx_word' id='word_1_199' title='bbox 343 3332 547 3397; x_wconf 87' lang='lat' dir='ltr'>Mithridates</span> <span class='ocrx_word' id='word_1_200' title='bbox 568 3334 719 3420; x_wconf 88' lang='lat' dir='ltr'>pluribus</span> <span class='ocrx_word' id='word_1_201' title='bbox 745 3332 981 3398; x_wconf 77' lang='lat' dir='ltr'>exaedificandis</span> <span class='ocrx_word' id='word_1_202' title='bbox 1000 3331 1136 3395; x_wconf 87' lang='lat' dir='ltr'>navibus</span> 
     </span>
     <span class='ocr_line' id='line_1_31' title="bbox 68 3431 1133 3522; baseline 0.001 -29"><span class='ocrx_word' id='word_1_203' title='bbox 68 3453 194 3518; x_wconf 88' lang='lat' dir='ltr'>operam</span> <span class='ocrx_word' id='word_1_204' title='bbox 221 3431 339 3515; x_wconf 89' lang='lat' dir='ltr'>dabat,</span> <span class='ocrx_word' id='word_1_205' title='bbox 357 3456 425 3522; x_wconf 90' lang='lat' dir='ltr'>quo</span> <span class='ocrx_word' id='word_1_206' title='bbox 446 3434 612 3514; x_wconf 86' lang='lat' dir='ltr'>Rhodios,</span> <span class='ocrx_word' id='word_1_207' title='bbox 636 3458 728 3522; x_wconf 81' lang='lat' dir='ltr'>quae,</span> <span class='ocrx_word' id='word_1_208' title='bbox 752 3435 873 3499; x_wconf 84' lang='lat' dir='ltr'>caeteris</span> <span class='ocrx_word' id='word_1_209' title='bbox 890 3432 1133 3512; x_wconf 87' lang='lat' dir='ltr'>deficientibus,</span> 
     </span>
     <span class='ocr_line' id='line_1_32' title="bbox 68 3533 1135 3623; baseline 0.002 -30"><span class='ocrx_word' id='word_1_210' title='bbox 68 3534 166 3595; x_wconf 82' lang='lat' dir='ltr'>autri</span> <span class='ocrx_word' id='word_1_211' title='bbox 182 3534 369 3616; x_wconf 84' lang='lat' dir='ltr'>abstractis,</span> <span class='ocrx_word' id='word_1_212' title='bbox 389 3537 458 3599; x_wconf 88' lang='lat' dir='ltr'>sola</span> <span class='ocrx_word' id='word_1_213' title='bbox 474 3536 585 3600; x_wconf 87' lang='lat' dir='ltr'>civitas</span> <span class='ocrx_word' id='word_1_214' title='bbox 603 3537 750 3616; x_wconf 86' lang='lat' dir='ltr'>asiatica,</span> <span class='ocrx_word' id='word_1_215' title='bbox 763 3553 881 3623; x_wconf 74' lang='lat' dir='ltr'>praeter</span> <span class='ocrx_word' id='word_1_216' title='bbox 896 3536 1063 3622; x_wconf 83' lang='lat' dir='ltr'>Magnetas</span> <span class='ocrx_word' id='word_1_217' title='bbox 1086 3533 1135 3596; x_wconf 90' lang='lat' dir='ltr'>Si·</span> 
     </span>
     <span class='ocr_line' id='line_1_33' title="bbox 70 3635 1133 3724; baseline 0.001 -27"><span class='ocrx_word' id='word_1_218' title='bbox 70 3635 130 3723; x_wconf 77' lang='lat' dir='ltr'>pyli</span> <span class='ocrx_word' id='word_1_219' title='bbox 142 3637 286 3716; x_wconf 79' lang='lat' dir='ltr'>aerolas,</span> <span class='ocrx_word' id='word_1_220' title='bbox 297 3637 330 3699; x_wconf 90' lang='lat' dir='ltr'>in</span> <span class='ocrx_word' id='word_1_221' title='bbox 346 3635 409 3700; x_wconf 87' lang='lat' dir='ltr'>fide</span> <span class='ocrx_word' id='word_1_222' title='bbox 423 3660 557 3701; x_wconf 88' lang='lat' dir='ltr'>romana</span> <span class='ocrx_word' id='word_1_223' title='bbox 573 3639 709 3719; x_wconf 87' lang='lat' dir='ltr'>mansit,</span> <span class='ocrx_word' id='word_1_224' title='bbox 724 3637 765 3702; x_wconf 89' lang='lat' dir='ltr'>ad</span> <span class='ocrx_word' id='word_1_225' title='bbox 781 3636 976 3724; x_wconf 91' lang='lat' dir='ltr'>obsequium</span> <span class='ocrx_word' id='word_1_226' title='bbox 992 3650 1133 3724; x_wconf 84' lang='lat' dir='ltr'>cogeret.</span> 
     </span>
     <span class='ocr_line' id='line_1_34' title="bbox 69 3736 1132 3837; baseline 0.003 -40"><span class='ocrx_word' id='word_1_227' title='bbox 69 3737 203 3824; x_wconf 79' lang='lat' dir='ltr'>Cognito</span> <span class='ocrx_word' id='word_1_228' title='bbox 225 3736 365 3819; x_wconf 87' lang='lat' dir='ltr'>deinde,</span> <span class='ocrx_word' id='word_1_229' title='bbox 384 3739 468 3803; x_wconf 84' lang='lat' dir='ltr'>cives</span> <span class='ocrx_word' id='word_1_230' title='bbox 486 3763 657 3821; x_wconf 89' lang='lat' dir='ltr'>romanos,</span> <span class='ocrx_word' id='word_1_231' title='bbox 674 3763 817 3828; x_wconf 91' lang='lat' dir='ltr'>quorum</span> <span class='ocrx_word' id='word_1_232' title='bbox 845 3739 961 3837; x_wconf 83' lang='lat' dir='ltr'>ingens</span> <span class='ocrx_word' id='word_1_233' title='bbox 984 3754 1053 3801; x_wconf 92' lang='lat' dir='ltr'>erat</span> <span class='ocrx_word' id='word_1_234' title='bbox 1074 3760 1132 3824; x_wconf 86' lang='lat' dir='ltr'>per</span> 
     </span>
     <span class='ocr_line' id='line_1_35' title="bbox 70 3836 1135 3929; baseline 0.001 -30"><span class='ocrx_word' id='word_1_235' title='bbox 70 3838 170 3902; x_wconf 72' lang='lat' dir='ltr'>Asiam</span> <span class='ocrx_word' id='word_1_236' title='bbox 196 3839 387 3928; x_wconf 80' lang='lat' dir='ltr'>negotiandi</span> <span class='ocrx_word' id='word_1_237' title='bbox 409 3841 509 3928; x_wconf 82' lang='lat' dir='ltr'>gratia</span> <span class='ocrx_word' id='word_1_238' title='bbox 530 3840 891 3929; x_wconf 85' lang='lat' dir='ltr'>dispersusnumerus,</span> <span class='ocrx_word' id='word_1_239' title='bbox 909 3839 1026 3927; x_wconf 88' lang='lat' dir='ltr'>passim</span> <span class='ocrx_word' id='word_1_240' title='bbox 1048 3836 1135 3924; x_wconf 91' lang='lat' dir='ltr'>apud</span> 
     </span>
    </p>
   </div>
   <div class='ocr_carea' id='block_1_4' title="bbox 71 3939 1137 4335">
    <p class='ocr_par' dir='ltr' id='par_1_7' title="bbox 71 3939 1137 4335">
     <span class='ocr_line' id='line_1_36' title="bbox 71 3939 1134 4031; baseline -0.003 -29"><span class='ocrx_word' id='word_1_241' title='bbox 71 3939 161 4006; x_wconf 88' lang='lat' dir='ltr'>urbes</span> <span class='ocrx_word' id='word_1_242' title='bbox 180 3940 349 4006; x_wconf 88' lang='lat' dir='ltr'>destinatis</span> <span class='ocrx_word' id='word_1_243' title='bbox 375 3942 442 4006; x_wconf 89' lang='lat' dir='ltr'>suis</span> <span class='ocrx_word' id='word_1_244' title='bbox 462 3943 698 4031; x_wconf 89' lang='lat' dir='ltr'>impedimento</span> <span class='ocrx_word' id='word_1_245' title='bbox 721 3964 792 4006; x_wconf 88' lang='lat' dir='ltr'>esse</span> <span class='ocrx_word' id='word_1_246' title='bbox 813 3940 942 4021; x_wconf 80' lang='lat' dir='ltr'>eonati3</span> <span class='ocrx_word' id='word_1_247' title='bbox 961 3939 1134 4004; x_wconf 78' lang='lat' dir='ltr'>consiliunt</span> 
     </span>
     <span class='ocr_line' id='line_1_37' title="bbox 71 4041 1135 4129; baseline 0.002 -26"><span class='ocrx_word' id='word_1_248' title='bbox 71 4042 149 4128; x_wconf 82' lang='lat' dir='ltr'>oepit</span> <span class='ocrx_word' id='word_1_249' title='bbox 174 4042 406 4106; x_wconf 76' lang='lat' dir='ltr'>crudelissimae</span> <span class='ocrx_word' id='word_1_250' title='bbox 429 4044 627 4126; x_wconf 86' lang='lat' dir='ltr'>calliditatis,</span> <span class='ocrx_word' id='word_1_251' title='bbox 646 4046 727 4108; x_wconf 89' lang='lat' dir='ltr'>clam</span> <span class='ocrx_word' id='word_1_252' title='bbox 745 4044 844 4108; x_wconf 86' lang='lat' dir='ltr'>misso</span> <span class='ocrx_word' id='word_1_253' title='bbox 868 4041 909 4105; x_wconf 88' lang='lat' dir='ltr'>ad</span> <span class='ocrx_word' id='word_1_254' title='bbox 931 4043 1135 4129; x_wconf 87' lang='lat' dir='ltr'>magistratus</span> 
     </span>
     <span class='ocr_line' id='line_1_38' title="bbox 71 4138 1136 4233; baseline 0.003 -32"><span class='ocrx_word' id='word_1_255' title='bbox 71 4138 211 4207; x_wconf 90' lang='lat' dir='ltr'>locorum</span> <span class='ocrx_word' id='word_1_256' title='bbox 226 4141 352 4224; x_wconf 90' lang='lat' dir='ltr'>edicto,</span> <span class='ocrx_word' id='word_1_257' title='bbox 364 4147 414 4208; x_wconf 79' lang='lat' dir='ltr'>uti</span> <span class='ocrx_word' id='word_1_258' title='bbox 426 4145 473 4208; x_wconf 84' lang='lat' dir='ltr'>ad</span> <span class='ocrx_word' id='word_1_259' title='bbox 485 4145 569 4208; x_wconf 78' lang='lat' dir='ltr'>diem</span> <span class='ocrx_word' id='word_1_260' title='bbox 583 4148 771 4233; x_wconf 79' lang='lat' dir='ltr'>trigestinum</span> <span class='ocrx_word' id='word_1_261' title='bbox 779 4192 788 4223; x_wconf 91' lang='lat'>,</span> <span class='ocrx_word' id='word_1_262' title='bbox 800 4158 971 4232; x_wconf 79' lang='lat' dir='ltr'>postquam</span> <span class='ocrx_word' id='word_1_263' title='bbox 987 4141 1074 4204; x_wconf 76' lang='lat' dir='ltr'>datoe</span> <span class='ocrx_word' id='word_1_264' title='bbox 1090 4163 1136 4204; x_wconf 77' lang='lat' dir='ltr'>ece</span> 
     </span>
     <span class='ocr_line' id='line_1_39' title="bbox 71 4241 1137 4335; baseline -0.005 -27"><span class='ocrx_word' id='word_1_265' title='bbox 71 4241 167 4309; x_wconf 73' lang='lat' dir='ltr'>literoe</span> <span class='ocrx_word' id='word_1_266' title='bbox 178 4259 288 4326; x_wconf 77' lang='lat' dir='ltr'>essent,</span> <span class='ocrx_word' id='word_1_267' title='bbox 298 4258 454 4333; x_wconf 81' lang='lat' dir='ltr'>quotquot</span> <span class='ocrx_word' id='word_1_268' title='bbox 464 4249 497 4311; x_wconf 82' lang='lat' dir='ltr'>iu</span> <span class='ocrx_word' id='word_1_269' title='bbox 510 4250 572 4310; x_wconf 85' lang='lat' dir='ltr'>suis</span> <span class='ocrx_word' id='word_1_270' title='bbox 585 4251 699 4335; x_wconf 83' lang='lat' dir='ltr'>quique</span> <span class='ocrx_word' id='word_1_271' title='bbox 713 4245 839 4309; x_wconf 81' lang='lat' dir='ltr'>urbibus</span> <span class='ocrx_word' id='word_1_272' title='bbox 850 4243 999 4306; x_wconf 73' lang='lat' dir='ltr'>luberent</span> <span class='ocrx_word' id='word_1_273' title='bbox 1011 4245 1137 4304; x_wconf 79' lang='lat' dir='ltr'>romani</span> 
     </span>
    </p>
   </div>
   <div class='ocr_carea' id='block_1_5' title="bbox 72 4446 1140 4598">
    <p class='ocr_par' dir='ltr' id='par_1_8' title="bbox 72 4446 1140 4598">
     <span class='ocr_line' id='line_1_40' title="bbox 100 4446 1140 4513; baseline -0.001 -20"><span class='ocrx_word' id='word_1_274' title='bbox 100 4447 116 4511; x_wconf 71' lang='lat' dir='ltr'>S</span> <span class='ocrx_word' id='word_1_275' title='bbox 128 4447 171 4493; x_wconf 81' lang='lat' dir='ltr'>w.</span> <span class='ocrx_word' id='word_1_276' title='bbox 187 4448 293 4513; x_wconf 81' lang='lat' dir='ltr'>Eutrop.</span> <span class='ocrx_word' id='word_1_277' title='bbox 302 4472 337 4482; x_wconf 89' lang='lat'><em>-</em></span> <span class='ocrx_word' id='word_1_278' title='bbox 348 4446 457 4512; x_wconf 67' lang='lat' dir='ltr'>Appian.</span> <span class='ocrx_word' id='word_1_279' title='bbox 473 4476 507 4485; x_wconf 93' lang='lat'>-</span> <span class='ocrx_word' id='word_1_280' title='bbox 520 4449 599 4498; x_wconf 79' lang='lat' dir='ltr'>strab.</span> <span class='ocrx_word' id='word_1_281' title='bbox 614 4449 657 4496; x_wconf 87' lang='lat' dir='ltr'>lib.</span> <span class='ocrx_word' id='word_1_282' title='bbox 671 4450 740 4506; x_wconf 77' lang='lat' dir='ltr'>xlv,</span> <span class='ocrx_word' id='word_1_283' title='bbox 754 4466 779 4513; x_wconf 89' lang='lat' dir='ltr'>p.</span> <span class='ocrx_word' id='word_1_284' title='bbox 791 4449 849 4496; x_wconf 77' lang='lat'><strong>660.</strong></span> <span class='ocrx_word' id='word_1_285' title='bbox 863 4475 897 4484; x_wconf 91' lang='lat'>-</span> <span class='ocrx_word' id='word_1_286' title='bbox 908 4447 972 4495; x_wconf 86' lang='lat' dir='ltr'>Plut.</span> <span class='ocrx_word' id='word_1_287' title='bbox 983 4450 1009 4493; x_wconf 83' lang='lat' dir='ltr'>in</span> <span class='ocrx_word' id='word_1_288' title='bbox 1020 4446 1121 4495; x_wconf 83' lang='lat' dir='ltr'>Lucullo</span> <span class='ocrx_word' id='word_1_289' title='bbox 1130 4481 1140 4499; x_wconf 68' lang='grc'><strong>,</strong></span> 
     </span>
     <span class='ocr_line' id='line_1_41' title="bbox 72 4529 1022 4598; baseline 0.002 -23"><span class='ocrx_word' id='word_1_290' title='bbox 72 4545 119 4594; x_wconf 77' lang='lat' dir='ltr'>rap.</span> <span class='ocrx_word' id='word_1_291' title='bbox 135 4531 174 4576; x_wconf 78' lang='lat'>36.</span> <span class='ocrx_word' id='word_1_292' title='bbox 188 4559 223 4569; x_wconf 91' lang='lat'><em>-</em></span> <span class='ocrx_word' id='word_1_293' title='bbox 239 4529 257 4594; x_wconf 69' lang='lat' dir='ltr'>s</span> <span class='ocrx_word' id='word_1_294' title='bbox 270 4531 316 4578; x_wconf 73' lang='lat' dir='ltr'>Vl,</span> <span class='ocrx_word' id='word_1_295' title='bbox 331 4532 404 4578; x_wconf 83' lang='lat' dir='ltr'>Oros.</span> <span class='ocrx_word' id='word_1_296' title='bbox 415 4532 445 4589; x_wconf 85' lang='lat' dir='ltr'>V,</span> <span class='ocrx_word' id='word_1_297' title='bbox 464 4534 503 4580; x_wconf 77' lang='lat' dir='ltr'>rs.</span> <span class='ocrx_word' id='word_1_298' title='bbox 515 4560 548 4569; x_wconf 92' lang='lat'>-</span> <span class='ocrx_word' id='word_1_299' title='bbox 559 4532 624 4581; x_wconf 85' lang='lat' dir='ltr'>Plut.</span> <span class='ocrx_word' id='word_1_300' title='bbox 636 4533 663 4581; x_wconf 85' lang='lat' dir='ltr'>iu</span> <span class='ocrx_word' id='word_1_301' title='bbox 673 4534 760 4598; x_wconf 86' lang='lat' dir='ltr'>Pomp.</span> <span class='ocrx_word' id='word_1_302' title='bbox 769 4549 823 4596; x_wconf 80' lang='lat' dir='ltr'>esp.</span> <span class='ocrx_word' id='word_1_303' title='bbox 838 4547 859 4580; x_wconf 84' lang='lat'>1.</span> <span class='ocrx_word' id='word_1_304' title='bbox 869 4558 904 4568; x_wconf 91' lang='lat'><em>-</em></span> <span class='ocrx_word' id='word_1_305' title='bbox 914 4532 1022 4597; x_wconf 75' lang='lat' dir='ltr'>Appiam,</span> 
     </span>
    </p>
   </div>
   <div class='ocr_carea' id='block_1_6' title="bbox 0 0 1351 5018">
    <p class='ocr_par' dir='ltr' id='par_1_9' title="bbox 0 0 1351 5018">
     <span class='ocr_line' id='line_1_42' title="bbox 0 0 1351 5018; baseline 0 0"><span class='ocrx_word' id='word_1_306' title='bbox 0 0 1351 5018; x_wconf 95' lang='lat' dir='ltr'> </span> 
     </span>
    </p>
   </div>
  </div>
 </body>
</html>
