2670 5018
147 712 193 805 74
318 707 756 779 Jo.FRE1NsflEM11
783 705 1030 777 SUPPLEM.

190 832 289 897 XLII.
302 829 425 896 Marius
441 828 603 920 precipue
616 829 762 912 furebat,
781 845 815 894 et
833 828 937 893 Cinna
954 827 1021 909 jam
1036 829 1139 895 ferme
1157 852 1210 896 sa·

144 935 241 1016 tisto,
262 933 377 1012 etiam,
395 953 480 1020 quos
500 931 570 1021 ipse
589 948 723 997 noverat
740 930 907 1012 inimicos,
926 930 1120 1015 intersectis,
1131 954 1209 999 nec·

146 1034 228 1101 dum
243 1050 369 1124 poterat
380 1033 564 1123 quiescere3
577 1032 779 1122 jubebatque
792 1032 977 1122 promiscue
989 1055 1104 1099 omnes
1119 1032 1162 1099 ad
1174 1057 1212 1104 se,

146 1137 303 1211 adeuntes
323 1135 446 1218 occidi,
464 1135 584 1225 quihus
598 1136 668 1226 ipse
686 1156 820 1203 manum
837 1156 905 1199 non
923 1135 1140 1222 porrexisset:
1154 1135 1208 1199 in-

146 1257 196 1304 ter
207 1261 292 1327 quos
302 1255 336 1304 et
350 1239 391 1322 Q.
402 1237 584 1313 Ancharius
596 1238 646 1303 vir
657 1236 843 1328 praetorius,
860 1257 964 1324 quum
977 1234 1211 1302 sacrificantem

145 1342 180 1405 in
191 1341 348 1428 Capitolio
359 1339 501 1405 Marium
512 1338 681 1422 adivisset,
698 1355 736 1405 ut
744 1339 908 1429 religionis
917 1337 1126 1405 veneratione
1137 1360 1213 1427 pro·

144 1442 262 1531 pitium
278 1441 428 1522 haberet,
445 1456 521 1507 ante
536 1441 649 1509 oeulos
668 1441 798 1530 tyranni
815 1440 850 1505 in
866 1440 936 1530 ipsa
950 1439 1019 1511 ade
1037 1440 1213 1509 confossus

144 1559 204 1610 est.
220 1543 377 1633 Quinque
394 1542 464 1610 dies
479 1544 671 1627 continuos,
690 1543 894 1632 totidemque
907 1559 1020 1609 noctes
1035 1543 1096 1615 ista
1110 1544 1210 1611 seele-

143 1668 218 1711 rum
236 1645 385 1711 omnium
398 1644 527 1713 dinavit
541 1646 671 1719 licentia
683 1669 692 1712 t
705 1668 814 1736 neque
826 1645 982 1715 cadauera
990 1643 1119 1733 sepeliri
1131 1667 1208 1734 pes·

145 1747 281 1819 missum
300 1762 385 1830 erat,
404 1763 437 1812 et
450 1748 485 1813 in
502 1749 622 1815 liberos
635 1747 854 1838 coniugesque·
866 1746 1112 1840 mterlectorum
1126 1745 1210 1813 indi·

146 1872 226 1939 gna,
245 1850 382 1913 maxime
398 1873 417 1914 a
432 1851 547 1933 servis,
561 1850 839 1940 perpetrabantur.

57 1990 59 1994 «
189 1949 307 2014 XLIII.
322 1950 437 2038 Neque
450 1951 513 2040 ipsi
527 1951 614 2017 inter
627 1973 661 2016 se
673 1949 814 2016 caedibus
825 1966 923 2039 atque
933 1949 1054 2039 rapinis
1063 1947 1208 2014 seditiosi

144 2050 359 2118 abstinebant.
369 2052 780 2142 Interhaecpublioationes
788 2051 953 2129 honorum
962 2048 1208 2133 miuuaemt,

143 2168 177 2219 et
196 2152 442 2242 magistratuum
463 2171 573 2219 ooacta
594 2153 773 2238 abdicatio,
794 2153 1058 2239 sullanarumque
1082 2152 1207 2219 eversio

144 2255 272 2345 legum,
288 2271 321 2320 et
335 2257 516 2322 amicorum
533 2257 619 2341 ejus,
636 2273 800 2346 quotquot
816 2255 936 2344 corripi
952 2269 1142 2343 potuerant,
1157 2255 1208 2319 in·

144 2357 299 2422 teruecio.
314 2359 441 2423 Metella
458 2380 591 2446 quoque
605 2381 689 2431 uxor
700 2380 777 2424 oum
790 2357 899 2423 liberis
909 2355 1005 2421 Sullae
1018 2355 1071 2421 rix
1084 2354 1209 2445 effuge·

144 2474 224 2522 runt
247 2459 448 2547 periculum,
473 2483 577 2548 quum
595 2458 714 2525 domus
737 2458 806 2540 ejus
830 2474 929 2547 atque
949 2457 1032 2523 villoe
1053 2454 1208 2521 incendio

143 2557 339 2627 delerentur.
353 2561 424 2625 Hoc
440 2576 587 2649 tempore
604 2559 739 2632 mirifica
754 2582 830 2626 sane
844 2559 957 2648 populi
967 2557 1094 2623 romani
1106 2557 1207 2623 absti-

146 2659 255 2724 nentia
268 2661 341 2727 fuit.
356 2661 470 2744 Quum
481 2661 569 2727 enim
580 2663 762 2727 occisorum
774 2661 890 2731 domos
903 2659 1017 2751 praedas
1028 2659 1208 2726 multitudi-

145 2760 194 2823 nis
209 2762 433 2849 exposuissent
443 2763 597 2845 victores,
614 2779 734 2854 negant
746 2762 885 2828 inveniri
897 2784 1095 2849 quemquam
1109 2763 1206 2851 paulo

144 2860 363 2929 honestiorem
378 2864 496 2929 civium
511 2866 673 2953 potuisse,
689 2864 747 2953 qui
759 2864 857 2928 ullam
870 2885 909 2928 ex
922 2862 972 2925 his
989 2885 1058 2929 rem
1073 2877 1208 2952 cuperet

143 2963 310 3053 attingere.

188 3066 302 3131 XLIV.
319 3067 398 3131 Post
412 3084 462 3132 tot
476 3069 575 3150 mala,
593 3084 746 3157 tanquam
761 3090 801 3132 eo
814 3088 923 3133 rerum
934 3081 1021 3131 statu
1033 3066 1159 3155 legibus
1171 3068 1207 3133 in

144 3167 271 3231 civitate
292 3184 377 3233 esset
395 3170 506 3251 locus,
524 3172 560 3235 L.
575 3170 717 3251 Memla,
740 3184 774 3233 et
791 3168 833 3251 Q.
848 3167 999 3249 Catulus,
1022 3168 1207 3233 subornatis

143 3271 404 3351 accusatoribus,
425 3273 472 3336 rei
492 3271 587 3336 liunt.
611 3272 770 3336 Merulam
793 3287 926 3359 propter
949 3268 1110 3351 ablatum,
1132 3269 1208 3335 licet

145 3370 235 3434 nullo
248 3372 390 3452 ambitu,
405 3373 564 3437 honorem
579 3373 684 3437 Cinna
696 3372 822 3454 oderat,
842 3372 884 3454 Q.
893 3371 1007 3441 Catulo
1022 3371 1123 3436 iratus
1139 3389 1208 3438 erat

143 3471 282 3554 Marius,
296 3474 388 3561 quasi
401 3473 557 3540 cimbrico
569 3474 654 3541 bello
667 3489 827 3555 serratus,
844 3473 959 3538 malam
974 3495 1034 3562 pro
1045 3470 1208 3539 beneficio

141 3576 275 3663 gratiam
299 3577 477 3658 retulisset,
499 3576 600 3643 exsilii
622 3576 673 3641 sui
694 3577 869 3641 acerrimus
889 3590 1013 3640 auctor.
1036 3573 1101 3639 Sed
1118 3575 1207 3641 ludi·

142 3673 250 3739 brium
270 3676 357 3743 istud
374 3678 571 3756 judiciorum
589 3675 687 3742 ambo
704 3676 883 3766 dedignati,
902 3693 1081 3765 spontanea
1100 3693 1207 3744 morte

143 3776 248 3840 functi
262 3796 351 3843 sunt.
368 3781 510 3863 Merula,
526 3780 676 3870 deposito
693 3781 797 3869 apice,
816 3780 906 3869 quod
921 3781 1084 3868 spicatum
1102 3780 1207 3847 llami·

143 3900 218 3940 nem
235 3880 319 3942 mori
338 3881 428 3945 triste
446 3899 478 3946 et
494 3882 731 3972 inauspicatum
749 3883 829 3949 Urbi
851 3883 1041 3962 habebatur,
1057 3883 1158 3972 idque
1172 3907 1207 3950 se

142 3978 254 4041 fecisse
270 3980 390 4067 scripto
407 3997 560 4064 testatus,
574 3984 608 4048 in
624 3986 695 4075 ipso
711 3985 797 4050 lovis
811 3984 949 4049 sacrario
963 3984 1079 4050 incidit
1090 4008 1206 4070 venas,

141 4095 358 4167 porrectoque
374 4085 593 4169 superaltaria
610 4087 784 4174 sanguine,
803 4087 956 4150 cinnanas
969 4103 1074 4175 partes
1089 4111 1207 4152 conse·

142 4180 261 4243 oravit:
277 4203 343 4267 quo
361 4182 393 4244 in
414 4182 548 4248 homine
563 4187 800 4280 propemodum
819 4187 888 4276 ipsa
901 4186 1072 4251 sacerdotii
1090 4189 1205 4278 religio

174 4388 191 4452 S
210 4389 288 4436 xL11.
304 4390 410 4455 Appian.
425 4418 459 4427 -
474 4391 532 4440 Dio.
553 4419 588 4430 ·-
607 4393 730 4442 Plutarch.
743 4394 771 4441 iu
782 4392 904 4450 Sertorio,
916 4409 971 4456 cap.
986 4411 1012 4454 7.
1031 4421 1066 4430 —-
1083 4393 1204 4459 smil.

138 4472 260 4527 Plutarch.
273 4473 299 4520 in
312 4465 391 4533 Sulla,
405 4491 459 4540 cap.
471 4477 514 4532 64.
524 4504 558 4514 -
568 4476 623 4525 Vel.
633 4477 702 4525 Max.
714 4504 747 4514 -
757 4474 880 4526 emmiu.
889 4478 966 4527 XXX
975 4512 983 4536 ,
993 4479 1036 4525 ss.
1049 4503 1084 4514 -
1094 4479 1203 4544 Appiau.
