2670 5018
43 746 109 815 126
206 748 274 814 JO.
306 745 650 815 FREINSHEMII
684 746 925 816 SUPPLEM.

39 886 215 958 coeperunt.
239 871 323 932 Turn
340 890 417 932 vero
437 867 616 958 fugientem
639 869 778 932 Cinnam
797 868 929 957 quidam
953 870 1101 933 centurio

39 988 248 1059 assequutus,
265 970 305 1032 ad
319 992 424 1058 genua
441 970 503 1033 sibi
523 968 739 1051 accidentem,
753 971 979 1058 annulumque
992 971 1101 1059 magni
1117 1047 1122 1058 ἱ

39 1074 133 1160 pretii
145 1073 352 1152 offerentem,
367 1071 479 1134 stricto
491 1070 598 1160 gladio
609 1070 757 1135 confodit
767 1094 847 1134 :nort
859 1071 1101 1158 adsignandam

38 1176 248 1260 sponsionem,
265 1172 321 1235 sed
322 1170 503 1255 fedissimi
515 1174 647 1257 manni
649 1172 810 1260 puniendi
819 1195 917 1236 causa
932 1196 964 1235 se
978 1173 1099 1250 adesse,

39 1275 199 1360 praefatus.

83 1378 172 1439 XVI.
200 1376 318 1438 Occiso
340 1375 459 1456 Cinna,
480 1377 540 1438 Cu.
559 1374 666 1439 Carbo
682 1374 894 1461 praesentibus
916 1373 1005 1438 haud
1027 1396 1103 1437 sane

38 1479 141 1558 latus,
151 1477 306 1540 revocatis
321 1475 505 1539 eDalmatia
518 1475 686 1556 militibus,
693 1473 951 1538 dominationem
963 1473 1104 1537 retinere

40 1578 141 1641 nihilo
154 1577 332 1641 modestior
348 1576 449 1639 Cinna
463 1575 660 1640 conabatur:
671 1598 778 1663 neque
791 1574 932 1638 tribunis
942 1574 1046 1663 plebis
1063 1573 1104 1637 ad

40 1680 169 1742 comitia
185 1677 333 1742 habenda
348 1676 454 1741 redire
467 1677 657 1757 jubentibus
673 1677 935 1765 obtemperabat,
950 1676 1058 1741 donec
1069 1698 1104 1740 se

40 1781 261 1868 magistratum
278 1780 309 1842 ei
325 1779 537 1867 abrogaturos
555 1794 632 1842 sunt
648 1779 772 1843 minati.
788 1778 851 1843 Sed
868 1779 1016 1858 comitia,
1031 1778 1104 1841 lioet

40 1882 194 1968 repetita,
212 1882 281 1944 sine
299 1903 450 1944 successu
464 1883 619 1943 luerunt:
633 1881 733 1944 semel
743 1880 857 1943 avibus
870 1879 1103 1943 non'addieen·

40 1984 145 2063 tibus,
164 1984 197 2045 in
214 1983 307 2046 aliam
325 1981 431 2062 diem;
447 1982 582 2061 iterum,
602 1982 677 2068 quia
694 1983 794 2045 Lunae
814 1982 1005 2069 Cererisque
1021 1997 1104 2044 tacta

41 2084 81 2146 de
96 2085 173 2146 caelo
191 2083 265 2145 fana
275 2098 381 2162 erant,
391 2105 429 2146 ex
443 2081 652 2169 hartupicum
666 2104 835 2170 responso,
846 2100 921 2170 post
930 2082 1103 2146 solstitium

41 2186 145 2248 dilata.
156 2185 286 2247 Netum
299 2182 432 2271 quidem
442 2182 600 2247 suffectus
612 2184 785 2271 quisquam
795 2200 860 2264 est,
873 2200 1010 2271 totoque
1018 2205 1104 2247 anno

41 2288 246 2350 consulatum
267 2285 373 2348 Carbo
391 2285 478 2348 solus
495 2284 601 2373 gessit.

11 2410 14 2415 ·
84 2388 188 2450 XVII.
209 2389 335 2449 lnterea
353 2385 440 2450 Sulla
458 2384 646 2449 ordinandis
667 2386 798 2449 Graeciae
814 2386 914 2449 rebus
927 2409 986 2473 per
1000 2386 1102 2448 Thes-

41 2493 150 2553 saliam
173 2489 344 2563 incedens,
365 2502 500 2575 propter
523 2487 671 2551 Archelai
693 2487 867 2567 morbum,
895 2488 1026 2551 Larissae
1048 2509 1106 2573 per

40 2595 164 2679 aliquot
180 2591 247 2654 dies
264 2591 427 2670 substitit3
446 2589 581 2677 ejusque
599 2612 666 2652 non
686 2611 777 2652 secus
797 2590 862 2677 egit
877 2612 1003 2669 curam,
1024 2588 1104 2651 acsi

43 2696 179 2781 legatus,
196 2709 252 2755 aut
270 2693 390 2780 collega
406 2692 492 2755 foret
508 2713 516 2754 :
533 2689 622 2754 unde
637 2714 787 2754 rumores
801 2692 879 2771 orti,
897 2713 964 2752 non
983 2690 1104 2777 optima

44 2795 106 2857 lide
120 2811 298 2882 pugnatum
310 2795 343 2855 in
352 2792 474 2855 Boeotia
484 2814 570 2872 esse,
585 2791 821 2879 praemiumque
835 2790 1028 2879 proditionis
1043 2791 1105 2853 hoe

43 2896 201 2958 Archelao
219 2895 306 2975 (lari,
324 2891 599 2979 quemadmodum
626 2916 691 2955 non
714 2892 835 2957 eliade
857 2914 950 2957 causa
972 2908 1104 2956 necatus

43 3016 128 3055 uuus
146 2995 293 3057 omnium
315 2991 510 3057 Mithridatis
528 2994 707 3057 amicorum
723 2994 841 3057 Aristio
855 2994 939 3058 foret
955 2994 1105 3081 (caeteros

43 3095 128 3156 enim
155 3112 283 3181 accepta
313 3094 411 3156 classe
437 3094 523 3157 Sulla
553 3094 757 3181 dimiserat),
784 3096 940 3158 Archelao
970 3095 1103 3158 discors.

42 3196 147 3258 Etiam
170 3197 344 3282 appellatus
362 3193 403 3256 ab
420 3195 507 3258 Sulla
524 3199 630 3260 socius
653 3213 686 3259 et
708 3196 830 3260 amicus
845 3196 958 3283 populi
978 3195 1104 3258 romani

43 3296 231 3384 Cappadox,
254 3296 390 3383 acceptis
412 3297 546 3384 insuper
568 3296 678 3360 decem
702 3296 845 3359 millibus
863 3296 1016 3384 jugerum
1038 3296 1105 3384 agri

43 3397 185 3475 euboici,
199 3399 230 3458 in
245 3396 391 3460 eamdent
402 3397 619 3485 suspicionem
632 3397 820 3460 trahebatur
832 3420 840 3461 t
851 3412 924 3484 quar
935 3397 1023 3461 Sulla
1036 3397 1106 3484 ipse

42 3500 76 3560 in
89 3498 336 3560 Commentariis
354 3498 420 3560 suis
437 3498 534 3561 relata
551 3496 655 3561 diluit.

86 3600 160 3661 XVI
165 3600 206 3661 ΙΙ.
219 3600 281 3662 Per
294 3599 490 3662 Thessaliam
503 3597 622 3662 deinde
636 3616 669 3661 et
684 3599 909 3663 Macedoniam
926 3599 967 3662 ad
980 3600 1105 3662 Helles·

42 3718 181 3788 pontum
207 3700 339 3763 ducenti
367 3715 580 3762 occurrerunt
607 3701 701 3789 legati
727 3700 943 3780 Mithridatis,
975 3715 1104 3764 caeterat

41 3804 232 3865 cotiditiones
251 3803 387 3890 probare
410 3822 514 3885 regem
537 3801 740 3882 nuntiantes,
767 3802 822 3865 sed
846 3800 1106 3889 Paphlagoniam

41 3908 183 3992 excepere
190 3930 202 3984 ;
218 3905 257 3966 de
272 3902 401 3965 navibus
417 3903 511 3965 etiam
522 3907 710 3992 promissum
729 3905 812 3967 rta'ltil
825 3905 998 3967 aremari:
1013 3902 1105 3966 addi·

43 4006 162 4068 (lerunt
185 4002 318 4080 deinde,
336 4004 486 4088 aequiores
504 4026 535 4066 se
554 4005 744 4068 conditiones
761 4010 927 4093 t'rnpetrare
946 4006 988 4068 ab
1004 4005 1106 4067 altero

42 4112 228 4195 imperatore
246 4102 279 4166 C.
289 4104 428 4166 Fimbria
445 4110 589 4192 potuisse.
607 4110 680 4172 Hoc
698 4108 858 4196 praecipue
875 4106 962 4171 dicto
978 4129 1106 4170 exacer-

79 4341 168 4404 ng.
189 4337 309 4384 Plutarch.
328 4366 362 4372 -
381 4339 488 4402 Appian.
509 4365 542 4374 -
561 4337 577 4402 S
595 4339 743 4387 xt'1.vett.
762 4342 802 4391 11.
821 4346 862 4392 aa.
877 4366 911 4374 -
926 4340 977 4386 tie.
992 4340 1101 4404 Epir.-

43 4422 164 4472 Plutareh.
180 4422 205 4466 in
226 4420 306 4472 Sulla.
325 4437 377 4484 cap.
393 4422 433 4476 46.
450 4449 483 4457 -
499 4422 548 4469 1)ῐο
562 4422 628 4487 apud
650 4422 717 4469 l'ulr.
732 4423 816 4469 Ursin.
839 4448 873 4457 --
894 4420 910 4483 S
928 4423 1013 4469 xvn.
1026 4423 1104 4471 strab.

43 4508 86 4553 lih.
100 4510 134 4553 lli
152 4519 175 4552 et
190 4506 246 4551 ΧΠ.
264 4534 296 4540 ---
317 4505 438 4553 Plutarch.
458 4534 491 4541 -
510 4507 617 4570 Appian.
636 4506 748 4553 Mithrid.
767 4533 801 4542 —
821 4503 892 4550 Diod.
