2670 5018
208 766 266 836 IN
295 768 410 836 LOC.
435 768 529 836 LIB.
556 772 762 841 LXXVIII
792 776 1002 850 LlVlANl.
1089 780 1133 853 33

79 890 173 956 nandi
191 889 327 955 materia
347 910 414 953 non
432 906 551 977 posset.
574 891 772 957 «Hominem
790 896 965 982 superbum
981 916 1015 965 et
1030 903 1134 967 ambi-

78 995 218 1058 ·tiosum
238 991 389 1057 dicebant
403 991 481 1054 olim
498 992 668 1081 praedicare
684 995 831 1077 solitum,
844 997 905 1061 sibi
922 1020 1081 1067 summam
1098 1005 1132 1069 in

79 1118 211 1161 ·omnes
226 1111 260 1159 et
273 1092 383 1158 omnia
394 1095 571 1182 potentiam
583 1095 705 1160 deberi.
719 1097 770 1161 Ab
782 1096 843 1161 hac
858 1099 1048 1186 cupiditate,
1064 1127 1131 1171 non

79 1196 138 1258 =ab
161 1196 268 1282 aliqua
290 1193 406 1274 injuria
424 1215 497 1275 sua,
518 1196 756 1261 exstimulatum
774 1197 893 1280 luisse,
917 1216 955 1263 ut
975 1203 1132 1271 nefarium

80 1297 207 1384 «patriae
225 1296 347 1360 bellurn
366 1294 516 1376 inferret,
535 1295 764 1385 dominamque
780 1300 943 1386 gentium,
961 1319 993 1367 et
1007 1304 1133 1370 hostili·

80 1397 160 1460 «bus
172 1397 270 1460 armis·
284 1397 435 1459 intactam
446 1396 583 1477 Urbem,
598 1398 692 1477 civis,
703 1412 752 1472 et,
768 1400 793 1462 si
808 1399 870 1462 diis
887 1403 1041 1489 placeret,
1056 1428 1135 1470 con·

79 1500 147 1562 ·snl
161 1513 375 1588 expugnatam
390 1511 579 1584 captamque
596 1513 749 1562 cruentus
762 1498 994 1587 ingrederetur.

120 1601 242 1664 xxxi.
259 1598 408 1663 -Seilicet
417 1598 582 1685 egregium
595 1598 695 1686 impio
708 1598 842 1663 facinori
853 1601 994 1666 colorem
1007 1604 1132 1688 induci,

80 1700 187 1788 ·quod
205 1699 365 1765 decretam
378 1698 419 1762 ab
436 1714 549 1762 senatu
562 1700 758 1785 provinciam
774 1701 897 1765 inimici
914 1705 1109 1791 eripuissent
1123 1729 1133 1772 z

81 1824 168 1865 ·eam
190 1800 341 1881 injuriam
359 1799 524 1863 bominem
542 1821 734 1888 generosum
751 1802 817 1888 pati
840 1805 1031 1889 nequivisse.
1051 1809 1135 1873 Sane

81 1903 210 1966 ·datnm
226 1900 330 1965 Mario
346 1900 439 1980 jussu
458 1900 569 1989 populi
593 1900 845 1967 mithridaticum
866 1903 1007 1986 bellum;
1027 1931 1134 1997 neque

81 2003 233 2082 ·relerre,
256 2003 284 2065 si
299 2002 392 2089 prius
409 2004 443 2065 L.
461 2000 556 2064 Sabae
576 2018 704 2065 senatus
722 2001 808 2067 idem
828 2001 1031 2071 decrevisset.
1056 2011 1132 2075 Non

80 2104 233 2167 minoris
242 2101 466 2167 aestimandum
476 2101 574 2167 luisse
583 2102 723 2167 Marium
736 2103 830 2166 toties
841 2106 1024 2189 consulem,
1036 2130 1134 2196 quam

81 2206 194 2267 «luerit
209 2204 244 2267 in
264 2205 370 2290 primo
387 2203 577 2280 consulatu3
593 2224 700 2289 neque
718 2224 793 2266 cum
812 2204 854 2285 Q.
872 2205 1001 2271 Metello
1018 2209 1136 2274 Numi·

80 2305 171 2369 ·dico
187 2305 311 2370 Sullam
329 2304 508 2391 comparari
526 2324 636 2391 posse3
658 2325 764 2390 neque
782 2303 890 2367 minus
913 2305 1012 2370 modo
1036 2310 1135 2376 fuisse

79 2409 175 2487 «juris
188 2406 313 2495 populo
325 2427 481 2486 romano,
498 2392 594 2492 quam
609 2418 684 2468 aute
698 2427 801 2468 annos
817 2407 929 2494 viginti
945 2408 1067 2474 luisset.

119 2508 258 2571 xxxu.
270 2505 356 2570 -Sed
370 2521 441 2569 tum
454 2528 586 2593 quoque
601 2505 788 2569 Numidiam
805 2509 1018 2594 provinciam,
1031 2534 1136 2599 quan·

78 2631 193 2695 ·quarn
219 2609 262 2673 ab
289 2623 404 2672 senatu
428 2606 557 2671 Metello
581 2606 759 2687 decretam,
776 2608 937 2695 populum
964 2634 1136 2680 romanum

79 2714 134 2774 εί).
148 2712 253 2775 Mario
268 2709 418 2773 dedisse:
438 2729 544 2794 neque
561 2707 636 2771 ideo
654 2708 818 2771 Metellum
841 2708 921 2772 Urbi
942 2710 1062 2777 bellum
1082 2715 1135 2778 iu·

79 2811 225 2876 «dixisse.
241 2811 362 2876 Sullam
380 2831 474 2889 vero,
492 2830 534 2872 ne
552 2807 684 2895 quidem
705 2808 862 2895 sanguiue
883 2826 939 2873 aut
959 2813 1070 2877 exsilio
1086 2831 1136 2880 tot

77 2915 271 2978 «illustrium
286 2912 407 2977 civium
419 2909 525 2974 satiari
537 2909 696 2997 potuisse,
709 2923 766 2970 aut
780 2908 937 2992 vindicta,
951 2912 1026 2977 licet
1035 2915 1134 2981 nimia

77 3037 173 3079 «sane
188 3015 302 3094 fuerit,
315 3012 449 3101 placari,
466 3032 508 3074 ne
522 3010 609 3074 ultro
625 3009 857 3096 rempublicam
875 3028 1049 3096 everteret,
1068 3034 1133 3081 sta·

77 3131 234 3202 mumque
252 3115 438 3177 immutaret
455 3111 598 3175 civitatis.
618 3110 746 3174 Scilicet
761 3132 827 3173 nou
844 3110 976 3194 dolore,
998 3138 1058 3181 nec
1074 3140 1133 3182 cu·

75 3215 228 3304 «piditate
244 3215 396 3292 ultionis,
414 3211 471 3276 sed
492 3232 548 3299 spe
565 3226 598 3274 et
611 3209 770 3274 desiderio
788 3211 959 3300 regnandi,
976 3214 1135 3303 impetum

76 3320 131 3380 ·in
147 3318 252 3406 leges,
268 3317 303 3378 iu
319 3335 444 3393 mores,
462 3313 494 3374 in
511 3310 625 3398 populi
639 3311 765 3373 romani
778 3310 831 3390 jus
847 3314 1136 3405 auctoritatemque

74 3420 228 3483 ·leeisse:
245 3437 403 3505 quorsum
418 3413 505 3478 euim
520 3412 595 3475 alias
612 3411 812 3475 tribunitiam
826 3434 975 3478 coercere
991 3433 1134 3504 potesta·
1217 3411 1221 3420 ’

76 3538 164 3584 ·tem
172 3520 284 3599 vellet,
298 3517 360 3580 nisi
375 3531 413 3579 ut
428 3516 530 3603 ipsam
541 3511 707 3577 invaderet
716 3534 821 3576 arcem
832 3513 1007 3580 libertatis?
1022 3519 1136 3584 Ferme

75 3620 409 3709 quadringentorum
429 3613 839 3700 annorum-experimentis
860 3635 929 3677 esse
947 3617 1135 3704 cognitum,

76 3721 297 3784 ·tribunatum
314 3717 416 3806 plebis
431 3716 521 3803 quasi
538 3712 714 3777 Palladium
733 3714 846 3802 populi
862 3735 951 3795 esse,
973 3737 1040 3803 quo
1056 3719 1134 3782 sub.

75 3822 180 3891 ·lato,
194 3820 326 3883 interire
340 3819 466 3906 ipsum,
481 3832 537 3879 aut
554 3831 640 3879 certe
656 3815 792 3893 servire,
808 3836 975 3879 necessum
992 3818 1067 3883 sits

119 3919 334 3983 xxxnnex
343 3918 482 3997 diverso,
498 3938 565 3979 nou
579 3913 673 3978 amici
687 3912 786 3977 modo
801 3914 907 3996 Sullae,
923 3917 980 3981 sed
994 3920 1051 4007 qui
1066 3943 1135 3985 om·

76 4024 155 4085 nino
173 4022 317 4108 quietem
333 4042 371 4084 ac
388 4039 500 4106 pacem
518 4016 684 4096 amabant,
697 4008 917 4098 tribunatum}
931 4021 1079 4085 omnium
1098 4023 1133 4087 iu

77 4121 165 4185 Iirbe
175 4120 370 4184 seditionum
381 4119 512 4183 unicam
520 4117 696 4207 originem,
707 4120 1022 4205 recteatqueordine
1029 4123 1133 4200 justos

76 4222 160 4284 intra
180 4221 259 4285 lines
276 4219 458 4285 cohibitum
478 4218 708 4283 asseverabant.
723 4217 858 4304 «Neque
868 4218 989 4283 Sullam
1000 4236 1057 4283 aut
1068 4223 1137 4287 sine

77 4338 274 4399 «muamus
288 4322 375 4385 ultra
390 4318 525 4385 modum
535 4367 544 4400 ,
555 4334 612 4382 aut
623 4334 788 4407 postremo
802 4319 909 4382 solum
920 4318 1047 4402 fecisse,
1063 4344 1136 4409 quae

78 4422 219 4485 «iecerit.
238 4421 414 4486 Hominem
431 4419 538 4484 sociali
557 4420 642 4485 bello
660 4417 702 4483 de
719 4418 882 4505 republica
897 4421 1020 4509 optime
1038 4423 1136 4487 meri·

197 4540 236 4606 X.
921 4530 942 4602 3

1205 4584 1257 4722 Δ
