2670 5018
304 728 360 795 IN
390 727 501 795 LOC.
528 727 621 795 LIB.
650 728 809 795 LXXXI
838 728 1044 800 LIVIANI.
1157 736 1205 830 93

147 844 241 936 lugit,
262 848 398 911 incenso
416 850 505 936 prius
525 846 634 928 Odeo,
651 870 692 912 ne
707 850 837 911 materia
854 850 939 914 illius
953 851 993 915 ad
1012 875 1204 945 oppugnan-

145 946 216 1010 dam
233 970 341 1012 arcem
356 948 504 1012 hostibus
520 949 594 1011 usui
607 965 699 1013 esset.

186 1048 301 1113 XLVI.
315 1050 453 1133 Sullam,
469 1073 510 1113 ne
524 1050 637 1113 urbem
651 1049 808 1133 dirueret,
825 1072 893 1114 non
910 1053 1041 1139 quidem
1055 1057 1203 1122 mandata

144 1167 274 1214 senatus
290 1151 553 1231 absterruerunt,
573 1151 691 1237 quihus
712 1167 782 1215 turn
805 1150 937 1237 quidem
955 1176 1070 1240 parum
1093 1156 1205 1222 luisset

142 1270 344 1336 commotus;
362 1254 418 1318 sed
437 1254 577 1317 romanis
594 1253 813 1332 senatoribus,
832 1253 888 1340 qui
904 1277 980 1316 cum
994 1256 1080 1319 Sulla
1095 1276 1203 1340 erant,

142 1352 393 1436 adjuvantibus,
421 1356 545 1419 exsules
568 1355 815 1420 Atheniensium
840 1353 955 1419 Midias
978 1372 1011 1419 et
1035 1358 1203 1447 Calliphon

142 1459 292 1520 extremis
312 1457 463 1544 precibus
479 1457 662 1536 evicerunt,
680 1471 716 1520 ut
733 1458 912 1519 miserrimoe
926 1458 1057 1520 civr'tatis
1077 1459 1202 1547 aliqum

141 1578 202 1619 esse
216 1558 367 1646 reliquias
372 1574 547 1646 pateretur.
559 1557 663 1648 Igitur
671 1557 839 1643 postridie,
849 1560 915 1638 jam
929 1559 1039 1622 satiata
1053 1561 1204 1626 nonnihil

142 1656 290 1722 vindicte
307 1660 500 1747 cupiditate,
514 1674 659 1722 veterum
679 1658 925 1723 Atheniensium
945 1659 1096 1725 laudibus
1112 1685 1202 1725 com·

143 1759 341 1841 memoratis,
355 1761 583 1846 mgratissimos
595 1760 770 1839 homiuum,
783 1777 820 1823 ut
833 1761 900 1849 ipse
912 1761 1052 1843 dicebat,
1064 1766 1097 1826 in
1109 1764 1203 1827 horw-

140 1880 202 1921 mm
210 1883 372 1925 sacrorum
383 1884 527 1941 suorum,
541 1874 635 1950 atquc
646 1864 846 1950 antiquorum
856 1863 982 1927 heroum
990 1869 1202 1946 conservam

139 1959 251 2024 multos
266 1985 298 2025 se
305 1965 440 2051 paucis,
457 1975 488 2027 et
498 1966 585 2027 vivos
595 1964 725 2026 mortuis
738 1962 857 2024 donare
869 1961 1028 2029 dictitans.

181 2063 311 2127 XLVII.
330 2063 464 2128 Servilia
475 2062 593 2127 deinde
607 2085 740 2151 corpora
752 2062 951 2127 vendideram
969 2063 1068 2127 edixit
1084 2088 1091 2129 :
1107 2081 1199 2130 crete·

139 2166 179 2224 ris
198 2164 366 2228 concedere
389 2165 565 2230 libertatem
573 2191 586 2245 ;
606 2164 767 2252 suffragia
787 2163 890 2250 legum
908 2178 938 2226 et
957 2168 1200 2251 magistratuum

139 2284 199 2326 nort
213 2265 398 2345 concedere,
421 2267 510 2354 quod
524 2265 631 2330 hostili
648 2268 681 2328 in
699 2288 730 2328 se
750 2280 846 2353 atque
857 2265 1011 2353 populum
1035 2288 1199 2332 romanum

137 2367 242 2427 ammo
249 2365 395 2454 ficissent
412 2392 423 2429 :
433 2369 566 2456 posteris
586 2377 693 2430 tamen
715 2365 842 2429 illorum
863 2387 901 2426 ca
918 2388 1041 2452 quoque
1059 2367 1198 2432 reddere.

137 2462 187 2527 Sic
204 2466 426 2552 antiquissima
446 2483 479 2530 et
496 2467 694 2531 nobilissima
711 2466 839 2530 Graeciae
856 2466 982 2547 civitas,
1004 2489 1106 2553 quum
1125 2469 1198 2557 plu·

137 2566 294 2631 rimorum
313 2569 474 2633 bellorum
494 2569 654 2658 pericula,
674 2567 938 2654 seditionumque
965 2584 998 2631 et
1020 2570 1197 2656 tyrannidis

137 2669 364 2735 violentissima
384 2673 464 2735 mala
480 2687 682 2760 superasset,
700 2693 766 2757 quo
786 2687 931 2758 tempore
950 2671 1000 2733 rix
1015 2673 1120 2736 timeri
1137 2674 1197 2737 tale

136 2771 301 2859 quippiam
323 2772 500 2860 potuisset,
522 2772 695 2836 Aristionis
715 2793 813 2858 opem
835 2771 869 2833 in
893 2794 962 2834 eam
987 2773 1194 2838 calamitatem

135 2869 272 2935 adducta
298 2888 368 2951 est,
395 2890 432 2936 ut
458 2889 638 2936 extremum
663 2872 796 2934 exitium
819 2872 871 2933 vix
894 2871 1051 2937 evaderet.
1075 2875 1195 2939 Sullam

135 2992 267 3059 quoque
280 2989 392 3062 postea
405 2974 547 3062 gavisum
563 2995 631 3036 esse
645 2972 770 3052 ferunt,
785 2972 875 3059 quod
889 2973 959 3053 irae,
974 2975 1066 3055 cujus
1080 2991 1194 3062 potens

136 3093 200 3134 non
222 3090 307 3155 erat,
330 3074 486 3138 hactenus
507 3072 706 3154 indulsisset,
726 3089 764 3136 ut
785 3089 893 3136 tamen
918 3073 1032 3136 urbem
1054 3098 1122 3137 non
1139 3099 1194 3139 ex·

136 3172 311 3255 scinderet;
327 3174 427 3262 idque
445 3176 529 3238 inter
544 3175 706 3262 praecipua
724 3174 863 3238 fortunae
881 3197 946 3237 suae
962 3174 1116 3239 beneficia
1133 3200 1195 3240 nu·

134 3277 314 3340 meravisse.
323 3278 499 3364 Nunquam
508 3276 795 3365 tamen'pristinam
805 3274 921 3339 deiude
930 3297 1119 3363 recuperare
1129 3300 1196 3365 spe·

135 3378 214 3441 ciem
232 3380 366 3444 Athenae
382 3394 579 3468 potuerunt,
605 3395 636 3442 et
655 3377 772 3441 moeuia
788 3393 859 3439 tum
875 3400 891 3439 a
905 3376 1058 3439 Romanis
1073 3376 1192 3458 diruta,

134 3478 260 3543 circiter
272 3503 375 3543 annos
387 3496 548 3543 trecentos
560 3479 795 3566 quinquaginta
802 3479 947 3558 jacuere,
960 3476 1079 3557 donec,
1094 3479 1194 3566 impe·

133 3597 222 3643 rante
233 3581 419 3661 Valeriano,
431 3596 542 3644 contra
552 3580 744 3668 Scytharum
756 3579 958 3643 incursiones
971 3576 1190 3643 reficerentur.

175 3680 322 3745 XLVIII.
339 3682 401 3744 Per
418 3681 528 3745 eadem
548 3696 693 3769 tempora
711 3680 778 3743 aliis
795 3701 928 3767 quoque
944 3677 1022 3740 locis
1037 3678 1122 3742 inter
1136 3703 1190 3743 ro·

134 3801 244 3845 manos
263 3781 562 3869 mithridaticosque
581 3780 679 3846 duces
698 3782 783 3844 varia
804 3781 934 3843 fortuna
957 3795 1113 3843 certatum
1131 3799 1189 3846 est.

133 3884 205 3947 Asia
225 3886 327 3948 ferme
343 3901 409 3948 tota
427 3885 510 3973 regis
529 3900 614 3964 erat;
641 3884 703 3947 nisi
724 3881 814 3970 quod
836 3881 876 3944 ab
899 3880 1069 3944 obsidione
1082 3882 1189 3947 llhodi

131 3986 275 4073 repulso,
295 3987 390 4049 etiam
407 3985 572 4075 Magnetes
592 3986 765 4049 fortissime
783 3983 983 4048 resistebant.
1004 3984 1046 4047 Hi
1065 3999 1097 4047 et
1113 3985 1188 4050 alias

131 4084 305 4171 plurimum
329 4085 438 4149 damni
463 4087 557 4175 regiis
579 4087 772 4167 attulerant;
801 4101 832 4148 et
854 4085 1065 4164 Archelaum,
1091 4087 1188 4172 paulo

132 4204 218 4269 ante,
236 4211 336 4276 quam
351 4189 384 4250 in
398 4188 552 4252 Graeciarn
571 4189 649 4269 iret,
667 4187 747 4252 fines
769 4211 845 4251 suos
862 4188 964 4252 ellusa
977 4188 1187 4275 populatione

161 4394 178 4459 s
194 4397 286 4446 uvi.
305 4395 372 4443 mor.
391 4396 442 4451 m,
457 4397 481 4444 5.
499 4425 532 4434 -
547 4397 668 4445 Plutarch.
689 4424 722 4434 -
738 4395 844 4459 Appiam
864 4423 897 4432 -
913 4394 929 4460 S
944 4396 1045 4443 valt.
1064 4393 1186 4441 Plutarch.

129 4480 251 4546 Apophth.
266 4481 341 4528 Rom.
354 4495 408 4544 cap·
423 4480 462 4527 31.
