2670 5018
75 726 140 799 118
245 730 312 796 JO.
340 726 678 797 FREINSHEMll
710 718 954 796 SUPPLEM.

114 850 197 912 LXI.
215 850 290 911 Haec
310 847 389 911 dum
409 846 486 910 alibi
508 846 611 928 liunt,
632 848 865 935 proconsulum
879 849 961 913 Asiae
977 848 1130 915 Flaccum

70 950 236 1013 limbriaoa
248 948 379 1012 tandem
388 949 520 1013 audacia
529 949 665 1036 imperio
674 948 803 1036 vitaque
812 951 909 1014 exuit.
918 950 1017 1014 Forte
1025 949 1068 1014 de
1077 951 1134 1015 ho-

71 1052 166 1138 spitio
183 1052 333 1139 quaestori
348 1051 489 1114 consulis
504 1072 580 1114 cum
592 1051 698 1138 legato
715 1051 749 1114 C.
758 1050 898 1114 Fimbria
911 1050 950 1113 lis
965 1050 1131 1116 inciderat.

69 1155 200 1216 Flaccus
216 1154 317 1217 multa
334 1175 409 1216 cum
423 1153 516 1241 legati
535 1150 732 1216 contumelia
745 1151 926 1215 secundum
939 1166 1132 1240 quaestorem

70 1253 177 1333 dedit3
199 1254 316 1317 deinde
342 1255 490 1319 Fimbria
514 1253 690 1318 discessum
713 1253 895 1335 minitanti,
914 1252 1131 1318 discessurum

70 1378 153 1435 esse,
166 1356 217 1418 vel
234 1356 372 1420 invitum
385 1355 572 1444 respondit3
586 1378 663 1419 mox
674 1372 787 1420 contra
800 1356 1010 1438 convicianti,
1023 1355 1133 1421 adem·

71 1473 123 1543 pta
142 1457 316 1545 legatione,
334 1480 553 1521 successorem
572 1457 671 1523 dedit.
691 1458 765 1538 llle,
782 1473 928 1545 tempore
945 1457 1133 1542 observato,

70 1579 137 1643 quo
163 1557 400 1622 Chalcedonam
422 1558 692 1647 proficiscendum
713 1561 838 1641 fuerat,
865 1560 956 1647 quasi
979 1561 1134 1625 salutatu·

71 1681 127 1721 rus
145 1659 178 1720 in
197 1657 338 1723 discessu
356 1660 593 1725 commilitones
608 1661 799 1749 Byzantium
815 1659 953 1725 divertit.
968 1661 1073 1725 Multa
1088 1662 1132 1726 ibi

71 1760 203 1846 oblique
220 1762 253 1823 in
269 1761 431 1825 at'aritiam
446 1777 479 1825 et
492 1761 712 1827 cmdelitatem
723 1763 828 1826 Flacci
840 1762 975 1841 jactasse
986 1778 1132 1844 constat,

72 1860 244 1942 militibus,
263 1878 301 1925 ut
320 1862 381 1925 sibi
404 1858 648 1950 prospicerent,
666 1886 724 1951 per
740 1864 880 1951 speciem
900 1863 1134 1930 benevolentiae

72 1961 212 2023 monitis.
227 1961 352 2025 Deinde
365 1979 538 2051 postquam
553 1964 622 2028 haec
635 1963 676 2027 ad
686 1962 824 2029 ¹intimos
840 1966 965 2029 anim'os
980 1965 1133 2050 demissa,

72 2082 169 2145 seque
183 2062 216 2123 in
232 2085 268 2125 ea
280 2062 367 2150 apud
384 2085 498 2128 omnes
512 2065 667 2152 opinione
682 2088 750 2129 esse
763 2067 880 2146 sensit,
895 2083 932 2132 ut
945 2068 1133 2156 pleramque

73 2184 168 2248 opem
188 2165 297 2228 salutis
316 2167 348 2227 in
367 2165 436 2244 ejus
451 2162 618 2253 praesentia
634 2184 846 2255 reponerent;
863 2190 1043 2233 conscenso
1057 2192 1133 2260 sug·

73 2280 184 2350 gestu,
207 2283 315 2354 aperte
338 2266 486 2330 incusare
502 2268 653 2330 Flaccum
674 2268 868 2356 proditionis
890 2269 987 2356 coepit
1007 2293 1014 2332 :
1037 2292 1134 2359 mque

71 2364 166 2427 aliud
183 2369 316 2429 rinrnuni
328 2370 464 2430 avaritia
482 2367 637 2431 homiaem
657 2392 764 2456 agere,
784 2392 881 2458 quam
897 2380 948 2449 ut,
967 2386 1095 2459 accepto
1112 2395 1133 2434 a

73 2467 258 2530 Mithridate
273 2490 371 2546 atero,
388 2467 498 2531 milites
510 2468 673 2532 caedendos
686 2469 926 2558 cremandosque
931 2471 1088 2558 praebeat.

117 2569 215 2633 [ΧΠ.
235 2571 276 2632 lis
293 2571 396 2633 causis
412 2571 456 2633 ita
479 2571 595 2633 exarsit
615 2571 763 2658 proclivis
782 2571 926 2659 alioquin
945 2571 978 2634 in
1000 2570 1132 2636 seditio·

72 2691 147 2731 nem
175 2672 305 2750 concio,
333 2686 369 2733 ut
388 2672 568 2735 Thermum
589 2689 788 2759 propraetore
808 2696 826 2734 a
848 2671 962 2736 Flacco
983 2672 1133 2736 relictum

72 2769 228 2857 ademptis
242 2773 381 2835 fascibus
397 2772 534 2851 ejiceret.
548 2773 705 2854 Fimbria,
722 2773 830 2861 gratiis
844 2772 938 2836 militi
953 2772 1050 2853 actis,
1063 2789 1134 2836 tan·

71 2895 168 2958 apuam
181 2874 282 2937 viceni
295 2872 480 2937 redditurus
493 2873 659 2954 beneficii,
672 2896 722 2937 res
734 2875 898 2938 sociorum
912 2873 963 2962 agi
975 2874 1132 2960 ferrique,

71 2974 172 3062 redigi
196 2976 229 3037 in
255 2975 442 3038 servitutem
464 2975 594 3056 obvios,
619 2977 677 3039 alia
701 2992 814 3039 contm
840 2974 1044 3062 disciplinam
1064 2973 1133 3039 fieri

71 3098 200 3160 passus,
217 3077 326 3163 paucis
343 3077 457 3140 diebus
473 3078 646 3165 opulentos
667 3101 706 3140 ex
720 3076 915 3165 pauperibus
935 3076 1052 3139 effecit.
1069 3074 1133 3139 Sed

71 3200 210 3263 quorum
233 3196 332 3266 raptae
358 3202 409 3243 res
433 3180 648 3266 hominesque
673 3179 818 3254 fererant,
842 3178 970 3241 obviam
995 3176 1132 3264 prolecti

72 3279 199 3361 Flacco,
222 3282 359 3369 graviter
384 3281 424 3344 de
447 3281 572 3360 injuriis
600 3280 666 3343 suis
692 3279 879 3366 querendo,
903 3278 1133 3365 proconsulem

69 3380 133 3455 jam
151 3396 225 3442 ante
245 3383 394 3444 Fimbriae
416 3382 571 3444 inlestum
592 3381 634 3442 ita
652 3379 887 3459 accenderunt,
909 3395 947 3442 ut
969 3379 1061 3466 sequi
1077 3400 1133 3441 eos

69 3479 212 3557 juberet,
225 3505 282 3545 sua
293 3483 399 3545 statim
411 3496 607 3569 recepturos.
620 3480 684 3543 Ubi
695 3479 735 3542 ad
744 3496 846 3544 castm
854 3496 1007 3560 ventum,
1022 3479 1134 3544 multis

72 3604 147 3644 eiam
168 3584 263 3647 minis
281 3584 447 3671 imperavit
460 3582 626 3661 Fimbriae,
648 3598 684 3644 ut
702 3583 806 3645 ablata
824 3582 965 3646 dominis
981 3583 1131 3645 restitue·

73 3701 121 3745 ret
135 3707 141 3746 :
156 3685 207 3747 ille
220 3687 346 3773 culpam
361 3685 394 3746 in
412 3684 529 3746 milites
544 3682 733 3764 conserens,
754 3706 789 3746 se
802 3683 923 3762 invito,
941 3680 1031 3769 quod
1049 3697 1132 3745 esset

72 3784 209 3864 factum,
226 3785 377 3848 accidisse
390 3784 596 3871 praelerebat,
611 3807 672 3847 nee
687 3807 726 3847 eo
743 3785 851 3846 minus
863 3784 944 3846 clam
962 3782 1133 3871 instigabat

72 3885 320 3949 audacissimum
340 3908 521 3973 quemque,
538 3910 606 3950 rem
628 3887 774 3950 acerbam
788 3885 1020 3974 indignamque
1037 3883 1131 3948 dicti-

74 4005 160 4066 tans,
179 3988 296 4050 aulerri
309 3987 465 4050 militibus
484 3988 524 4051 ab
543 3989 752 4075 imperatore,
769 3986 859 4075 quod
880 3987 946 4049 suis
965 3986 1131 4050 laboribus

72 4104 104 4149 et
126 4088 198 4149 belli
213 4087 285 4165 jure
307 4088 547 4173 quaesivissent,
567 4112 673 4176 neque
696 4112 729 4152 se
746 4089 791 4151 eis
810 4105 975 4152 auctorem
991 4110 1078 4168 esse,
1096 4104 1133 4150 ut

71 4187 246 4274 quidquam
266 4211 376 4250 earum
394 4212 501 4252 rerum
516 4188 696 4254 redderent.
834 4184 838 4195 ‘

106 4403 121 4466 S
140 4405 204 4449 Llll.
223 4405 331 4468 Appiaa.
350 4405 462 4453 Mithrid.
482 4434 516 4442 -
536 4408 591 4455 Dio.
606 4433 639 4441 -
655 4411 729 4454 Auct.
747 4407 778 4454 de
791 4409 844 4454 Vir.
860 4407 946 4454 illustr.
968 4423 1022 4471 cap.
1039 4424 1080 4467 7⁰·
1098 4431 1132 4442 -

70 4485 85 4554 g
98 4487 173 4533 Lllll.
187 4490 293 4554 Appiam
304 4517 337 4525 —
347 4491 395 4537 Dio
405 4489 472 4554 apud
481 4490 562 4538 Valet.
571 4516 607 4527 -
614 4489 677 4537 Vell.
688 4491 725 4539 ll.
738 4497 779 4543 at.
