2670 5018
260 772 314 839 nr
343 772 456 842 noc.
482 774 575 845 ma.
604 771 728 843 cxlv
760 774 972 846 mvmnt.
1072 770 1141 869 267

88 893 186 958 «dum
199 910 232 958 et
248 894 282 957 in
301 893 511 959 animantium
528 894 717 982 corporibus
736 894 913 982 compluria
930 895 1072 960 membra
1088 919 1141 960 ca·

87 997 182 1085 ·pitis
195 998 293 1061 unius
308 997 444 1085 imperio
459 1011 628 1084 reguntur.
647 998 754 1083 Atque
766 996 830 1061 boc
845 1019 911 1061 non
925 997 1001 1061 ideo
1017 1012 1142 1063 tantum

87 1127 100 1152 ι
109 1112 157 1161 est
171 1098 270 1178 utile,
287 1119 347 1179 ne,
362 1097 388 1161 si
401 1097 545 1185 plurium
559 1097 601 1161 sit
616 1097 805 1179 arbitrium,
821 1098 1075 1184 pestilentissima
1091 1122 1141 1164 re·

87 1198 170 1261 «bus
187 1197 340 1288 gerundis
358 1197 513 1263 dissensio
532 1214 697 1279 nascatur3
711 1197 768 1262 sed
783 1214 821 1261 ut
831 1197 920 1285 quod
932 1197 1143 1263 deliberatum

86 1330 99 1355 ι
108 1315 166 1381 est,
178 1297 284 1363 donee
295 1297 410 1387 agendi
423 1315 550 1386 tempus
559 1297 739 1379 advenerit,
747 1298 906 1361 occultius
919 1297 960 1362 sit
973 1313 1005 1361 et
1017 1298 1140 1363 tectius.

87 1404 215 1489 «Atque
232 1400 301 1465 haec
323 1401 375 1464 illa
395 1423 446 1464 res
467 1415 532 1481 est,
548 1422 621 1488 quse
639 1399 812 1487 plurimam
828 1399 862 1462 in
879 1399 1071 1487 imperatore
1086 1422 1143 1487 pa·

87 1503 252 1568 «tientiam
266 1503 391 1591 poscit,
408 1517 446 1566 ut
460 1517 643 1566 constanter
661 1515 788 1565 maneat
805 1500 840 1564 in
858 1515 945 1563 recte
966 1499 1142 1580 consultis,

86 1625 213 1692 «neque
229 1603 374 1667 hostiurn
388 1601 552 1686 ludibriis,
571 1624 678 1690 neque
696 1623 831 1667 suorum
847 1600 1050 1666 sermonibus
1066 1599 1143 1664 inde

87 1724 140 1766 «se
150 1703 291 1790 patiatur
304 1702 473 1767 dimoveri.

126 1805 167 1869 V.
186 1805 278 1869 «Nec
294 1805 380 1869 enim
403 1805 501 1868 latere
520 1827 572 1868 me
589 1805 718 1893 potuit,
734 1826 805 1892 quoe
823 1824 929 1891 nuper
944 1824 984 1866 ex
995 1801 1142 1867 civilibus

84 1903 195 1968 «bellis
209 1926 305 1992 prava
323 1904 529 1993 consuetudo
540 1905 755 1992 plurimorum
768 1904 865 1969 etiam
876 1927 915 1968 ex
927 1903 1019 1968 vobis
1030 1926 1143 1968 corru-

86 2006 188 2094 nperit
199 2021 343 2088 mentes,
360 2021 417 2087 ut,
431 2029 533 2093 quum
551 2007 667 2071 milites
680 2006 865 2094 imperatori
882 2028 1013 2094 operam
1028 2027 1144 2070 navare

84 2105 264 2187 «debeant,
285 2106 493 2194 imperatores
510 2107 570 2194 ipsi
591 2128 660 2170 esse
677 2107 798 2187 velint,
814 2105 942 2193 etquid
958 2105 1000 2170 de
1017 2128 1142 2170 summa

85 2229 213 2271 merum
231 2206 444 2288 judicandum
471 2208 533 2288 sit,
557 2206 740 2273 decernere.
768 2207 832 2272 Sed
857 2208 918 2272 bos
941 2229 1019 2296 ego,
1036 2224 1142 2295 partes

84 2330 190 2372 «meas
212 2308 292 2371 mihi
312 2308 516 2396 relinquere,
540 2331 613 2373 suas
634 2330 767 2388 curare,
784 2306 902 2390 jubeo,
922 2307 1141 2372 simulantem

83 2408 258 2472 «omnibus
285 2408 399 2473 lubens
424 2410 581 2498 laetusque
603 2410 738 2491 nuntio,
759 2431 848 2474 nunc
867 2410 992 2475 venisse
1012 2426 1141 2496 tempus

83 2508 326 2599 ·intelligendi,
344 2533 411 2598 quo
424 2512 560 2576 consilio
571 2533 715 2601 pugnare
730 2511 909 2576 volentium
926 2512 969 2576 sit
985 2534 1003 2575 a
1018 2533 1071 2574 me
1084 2531 1141 2573 eo·

83 2610 227 2675 «hibitus
239 2610 398 2698 impetus:
413 2612 493 2676 meis
506 2613 594 2676 enim
605 2611 746 2676 consiliis
764 2633 803 2674 eo
821 2610 951 2676 adactus
963 2610 1065 2677 hostis
1077 2625 1142 2692 est,

82 2729 139 2776 «ιιι
148 2713 240 2776 bunc
248 2713 283 2776 in
292 2713 400 2777 locum
413 2736 447 2778 se
455 2712 634 2794 demiserit,
648 2713 704 2777 ubi
714 2734 882 2778 necessum
892 2713 948 2793 sit,
960 2733 1035 2776 eum
1044 2710 1142 2799 paulo

82 2827 177 2899 «post
188 2833 301 2876 rerum
314 2814 564 2878 necessariarum
576 2813 711 2902 penuria
721 2813 829 2901 copias
840 2834 953 2877 omnes
962 2811 1120 2876 amittere.

123 2911 179 2975 Vl.
193 2910 370 2999 «Dispicite
383 2913 498 3000 igitur,
510 2931 633 3001 quanto
646 2913 719 3002 plus
734 2934 812 3001 ego,
828 2936 925 3000 quam
936 2935 995 2989 vos
1007 2935 1141 2995 omnes,

80 3009 315 3098 ·proriderim;
331 3028 519 3100 quantoque
539 3014 655 3077 melius
675 3014 894 3077 consuluerim
910 3013 1140 3078 communibus

80 3111 209 3177 «rebus.
229 3111 331 3176 Vobis
353 3111 508 3201 congredi
529 3134 604 3176 cum
624 3113 719 3177 hoste
738 3115 860 3178 collatis
880 3115 979 3202 signis
999 3114 1139 3203 placuit:

82 3242 95 3267 ·
104 3210 193 3300 quod
205 3211 232 3276 si
244 3227 330 3276 esset
340 3212 479 3295 factum,
490 3230 549 3278 aut
559 3214 624 3279 lusi
635 3235 778 3279 essemus
788 3261 797 3296 ‚
808 3231 865 3279 aut
874 3238 992 3304 magno
1004 3237 1080 3279 cum
1091 3238 1143 3278 su·

80 3311 182 3378 «dore
200 3312 302 3401 eequis
323 3336 557 3401 pugnassemus
577 3315 716 3398 viribus3
737 3330 809 3397 aut,
828 3316 854 3380 si
869 3315 1077 3379 laventissimi
1095 3314 1141 3378 dii
1194 3370 1197 3375 .

82 3414 257 3496 ·iuissent‚
268 3415 373 3479 multo
382 3431 522 3503 emptam
533 3416 690 3504 sanguine
701 3416 954 3481 obtinuissemus
964 3415 1141 3480 victoriam.

80 3542 93 3567 ι
101 3515 141 3577 At
152 3536 243 3579 nunc
254 3537 387 3604 prorsus
399 3516 602 3581 incruentam
615 3518 854 3606 reportabimus
866 3540 874 3581 :
887 3516 986 3605 idque
996 3514 1059 3579 lide
1070 3537 1142 3579 mea

81 3614 268 3702 ·spondeo;
289 3639 348 3681 vos
375 3632 478 3681 estote
501 3619 649 3707 promissi
672 3640 868 3682 memores.»
888 3616 1001 3698 Quum
1023 3615 1142 3681 deinde

81 3732 225 3781 montem
243 3738 398 3806 magnum
410 3739 507 3806 supra
519 3719 603 3807 regis
615 3734 732 3800 castra,
744 3734 965 3806 opportunum
981 3716 1142 3791 adomnia

79 3817 304 3905 conspicatus,
323 3840 481 3906 occupare
501 3820 610 3883 locum
631 3835 819 3899 conaretur3
838 3837 944 3904 neque
963 3816 1140 3904 repellente

79 3915 248 4003 presidio,
266 3918 358 4006 quod
378 3919 509 3983 hortatu
528 3921 645 3984 Taxilis
667 3922 869 4007 aliorumque
890 3917 1069 3981 amicorum
1082 3918 1141 3982 bli-

80 4014 235 4082 thridates
245 4018 460 4106 imposuerat,
475 4021 571 4108 potiri
583 4037 712 4108 posset,
730 4019 897 4110 inopinato
910 4019 1048 4084 lortunae
1065 4042 1138 4083 mu·

80 4138 173 4201 nere,
190 4117 282 4206 quod
295 4120 417 4184 viribus
430 4120 578 4186 obtinere
589 4122 795 4208 nequiverat,
807 4138 855 4185 est
865 4135 1096 4207 consequutus.

121 4220 193 4283 Vll.
213 4220 249 4284 L.
268 4221 412 4309 Magius,
431 4221 614 4286 sertorianis
632 4222 731 4287 rebus
744 4221 887 4302 diffisus,
899 4219 1036 4284 maxime
1048 4219 1137 4307 quod

79 4319 221 4383 occisum
241 4320 282 4385 ab
299 4322 408 4386 amicis
425 4322 541 4386 ducem
561 4337 743 4412 acceperat,
759 4324 841 4387 clam
856 4321 959 4387 missis
975 4318 1017 4383 ad
1026 4320 1141 4384 Lucul-

78 4417 145 4483 lum
162 4421 307 4503 nuntiis,
322 4422 456 4487 redeam
467 4423 595 4504 orabat,
608 4426 638 4487 si
648 4424 713 4511 q'us
724 4425 772 4486 rei
769 4419 860 4509 fides
871 4422 950 4486 dato
964 4436 1040 4484 esset
1047 4466 1057 4498 ,
1076 4440 1139 4481 non

77 4520 138 4583 sibi
148 4520 258 4608 defore
279 4526 451 4606 ratt‘onem,
473 4548 537 4614 qua
558 4528 628 4612 regi
646 4539 774 4592 siccent.
796 4527 967 4589 Annuente
986 4519 1141 4594 Lucullo,
