2670 5018
220 761 276 828 IN
310 760 422 828 LOC.
448 760 543 827 LlB.
570 758 774 828 Lxxxlx
803 758 1012 829 LlVlANl.
1085 784 1149 830 aor

88 884 189 974 ρὴιιιιι
217 881 400 947 decederet.
421 880 504 946 Sane
525 903 597 968 quae
621 895 798 968 supersunt
821 879 948 944 Pontici
968 881 1156 949 Memnonis

88 985 249 1073 reliquiae,
269 981 461 1047 confirmato
480 982 570 1046 illum
586 981 811 1046 Ariobarzanis
830 1003 948 1070 regno,
967 982 1082 1048 urbem
1099 983 1156 1049 ad-

87 1109 199 1151 versus
214 1086 433 1173 irruptionem
446 1082 642 1148 Mithridatis
656 1082 855 1163 condidisse,
869 1082 1021 1164 tradunt3
1038 1084 1157 1151 deiude

88 1189 199 1253 multis
215 1186 446 1268 suadentibus,
467 1186 611 1273 Sinopen
627 1207 739 1248 versus
760 1185 915 1266 movisse,
938 1185 1042 1272 eapite
1064 1189 1155 1277 regni

89 1305 269 1379 occupato,
288 1304 433 1354 caeteram
456 1287 490 1350 in
511 1301 666 1377 promptu
679 1287 853 1359 ,victoriam
870 1287 941 1349 fore
958 1302 1075 1351 ratum.
1093 1287 1157 1353 Sed

90 1390 331 1471 Mithridatem,
347 1389 441 1452 lirmo
453 1388 607 1476 imposito
620 1386 785 1475 praesidio,
803 1388 910 1474 ipsum
922 1411 999 1452 cum
1013 1389 1156 1453 exercitu

90 1493 268 1557 occurrisse
276 1492 430 1556 Muraenae
441 1514 448 1554 :
460 1491 618 1579 principia
628 1490 829 1579 prosperiora
837 1493 905 1580 regi
914 1490 1028 1574 luisse÷
1041 1491 1159 1556 deinde

91 1619 184 1684 equo
204 1611 308 1659 marte
328 1610 456 1684 gestum
475 1594 614 1675 bellum,
638 1592 757 1656 detrito
781 1609 994 1681 utrarumque
1015 1595 1156 1681 partium

91 1696 207 1761 ardore
217 1695 442 1775 consenuisse3
457 1694 679 1760 Mithridatem
689 1692 731 1758 ad
742 1694 860 1759 Phasin
877 1692 1027 1776 llurium,
1041 1695 1159 1760 Mure·

95 1821 169 1862 nam
184 1800 219 1862 in
237 1798 347 1863 Asiam
362 1797 538 1861 revertisse.

131 1900 255 1964 xvtll.
270 1901 360 1963 Dum
371 1900 456 1962 iuter
467 1900 525 1963 has
538 1898 781 1985 triumphorum
794 1920 948 1986 pompas,
960 1899 1056 1961 toties
1066 1914 1158 1986 capta

92 2023 227 2065 suorum
240 2001 337 2064 armis
348 2000 465 2081 Roma,
480 1999 631 2088 gentibus
642 2000 781 2063 externis
795 1999 968 2087 exprobrat
975 2000 1160 2081 victoriam,

92 2102 123 2164 in
135 2101 245 2165 Africa
256 2101 360 2166 ductu
373 2102 577 2189 imperioque
589 2102 651 2165 Cn.
666 2101 812 2188 Pompeii
824 2102 1062 2189 praeclarissime
1073 2119 1160 2190 gesta

92 2202 275 2290 respublica
291 2219 360 2283 est,
382 2225 449 2289 quo
463 2203 535 2282 ille,
554 2202 650 2265 Sullae
662 2202 763 2265 literis
776 2219 808 2265 et
820 2205 1101 2268 senatusconsulto
1117 2228 1165 2268 ao·

92 2305 213 2392 ceptis,
231 2326 270 2369 ex
289 2303 394 2368 Sicilia
409 2305 638 2369 transmiserat,
656 2306 772 2368 Cnaeus
789 2304 885 2367 enim·
894 2305 1057 2368 Domitius
1076 2305 1162 2369 Alie·

93 2404 259 2468 nobarbus
284 2404 483 2492 proscriptus
507 2404 698 2491 (eratenim
718 2405 829 2468 Cinnae
845 2407 966 2494 gener)
987 2429 1102 2496 magna
1117 2408 1163 2471 ibi

93 2528 193 2570 manu
207 2521 338 2586 coacta,
352 2506 541 2593 priusquam
556 2508 656 2595 magis
670 2504 934 2587 confirmaretur,
952 2506 1164 2572 debellandus

94 2624 178 2689 erat,
194 2623 247 2671 'ne
272 2629 384 2695 pacem
411 2605 509 2670 Italiae
536 2608 699 2687 turbaret,
720 2608 810 2695 quod
835 2632 875 2672 er
898 2608 1010 2672 eadem
1031 2609 1165 2699 regione

95 2711 130 2774 C.
142 2710 265 2774 Marius
278 2731 345 2771 non
358 2708 408 2771 ita
421 2706 547 2795 pridem
564 2708 660 2797 longe
677 2709 857 2773 minoribus
872 2709 974 2796 copiis
985 2709 1163 2774 instructus

95 2813 223 2876 lecerat.

137 2914 229 2977 xlx.
247 2913 438 3000 Pompeius,
453 2911 584 2991 relicto,
601 2911 658 2997 qui
673 2910 785 2976 Siciliae
801 2927 969 2999 praeesset,
986 2913 1163 2995 Memmio,

95 3015 214 3078 sororis
231 3036 297 3078 suae
313 3014 403 3093 viro,
423 3035 498 3076 cum
515 3013 650 3075 navibus
667 3012 773 3100 longis
790 3029 923 3075 centum
938 3014 1052 3102 viginti
1069 3016 1163 3094 traje-

96 3116 139 3179 cit
153 3117 280 3204 oopias,
299 3107 510 3202 sequentibus
526 3114 682 3178 onerariis
701 3115 913 3203 octingentis,
934 3116 1054 3202 quibus
1074 3140 1164 3180 com·

98 3233 239 3297 meeum,
256 3238 361 3297 arma,
380 3216 593 3305 pecuniaeque
609 3231 641 3279 et
658 3215 813 3278 machinae
828 3216 1053 3303 portabantur.
1071 3219 1165 3283 Parte

97 3320 203 3384 elassis
224 3320 325 3383 Uticae
342 3334 475 3407 portum
495 3332 643 3398 tenente,
662 3333 753 3404 parte
769 3317 999 3406 Carthaginem
1013 3320 1164 3407 appulsa,

97 3422 192 3485 simul
210 3420 322 3486 adesse
338 3421 530 3509 Pompeium
549 3419 753 3508 percrebuit,
772 3436 897 3507 septem
914 3417 1046 3483 adeum
1068 3422 1166 3485 millia

97 3521 138 3586 ab
160 3521 311 3586 hostibus
332 3521 538 3586 desciverunt
560 3523 654 3609 :ipse
670 3521 731 3584 sub
748 3521 846 3609 signis
865 3544 921 3584 sex
939 3521 1080 3609 legiones
1097 3523 1166 3610 ple·

97 3646 154 3688 nas
170 3623 320 3688 habebat.
340 3624 403 3688 Sed
425 3621 548 3687 inutilis
566 3626 597 3686 ei
612 3645 671 3711 per
687 3623 811 3710 aliquot
826 3622 895 3687 dies
914 3622 1071 3686 exercitus
1088 3647 1107 3687 a
1123 3625 1167 3688 ri·

97 3721 202 3788 dicula
221 3748 317 3789 causa
332 3725 404 3789 fuit.
422 3726 521 3789 Forte
542 3725 680 3789 militum
699 3723 830 3811 quidam
853 3723 1012 3788 defossam
1031 3725 1109 3790 olim
1132 3727 1167 3791 iu

98 3847 177 3915 agro
192 3827 365 3914 pecuniam
381 3843 587 3915 repererant:
604 3849 641 3891 ea
659 3826 742 3890 lama
763 3848 822 3913 per
845 3840 914 3890 tota
937 3840 1039 3888 castra
1053 3849 1168 3915 perva-

98 3943 214 4016 gante,
227 3951 361 3993 omnem
376 3951 447 3994 eam
460 3931 627 4017 regionem
640 3930 768 4017 plenam
785 3950 854 3992 esse
870 3928 1046 4010 thesauris,
1063 3952 1167 4016 quum

98 4031 216 4117 punica
234 4052 286 4094 res
310 4028 458 4112 floreret,
480 4029 697 4112 absconditis,
718 4030 841 4096 dictum
863 4031 959 4094 simul
981 4031 1080 4119 vulgo
1103 4054 1171 4097 cre·

98 4130 271 4220 ditumque
285 4150 344 4197 est.
359 4132 440 4198 lnde
457 4133 537 4197 nihil
553 4131 678 4197 videres
694 4131 799 4212 aliud,
813 4131 876 4195 nisi
889 4154 997 4220 sparsa
1011 4154 1070 4218 per
1085 4155 1169 4196 cam·

131 4347 245 4412 sun.
258 4349 311 4397 cic.
323 4364 370 4412 pro
381 4350 434 4414 lege
444 4350 531 4397 Manil.
544 4365 598 4413 cap.
612 4351 642 4407 3,
659 4361 684 4398 et
700 4350 777 4398 Acad.
790 4350 835 4407 1v,
855 4365 876 4397 1.
891 4376 925 4385 -
939 4350 1014 4396 Λυσι.
1030 4347 1061 4395 de
1069 4347 1121 4393 Vir.
1135 4344 1170 4393 ill.

99 4446 151 4495 (ap.
161 4432 204 4492 78.
216 4457 252 4468 -
265 4433 367 4479 Straton.
383 4434 445 4482 Cea.
463 4449 518 4498 cap.
533 4448 558 4480 a.
577 4459 612 4470 -
624 4433 744 4482 Memnon
758 4431 824 4499 apud
836 4434 911 4482 Phor.
926 4458 961 4483 τ-
975 4431 1103 4497 §1an
1116 4430 1169 4474 liv.

101 4512 166 4579 Epir.
177 4540 212 4552 -
223 4513 289 4562 Plnt.
303 4514 328 4562 in
341 4517 428 4580 Pomp.
439 4532 493 4579 cap.
504 4531 544 4575 17.
555 4517 648 4565 -Val
659 4517 726 4566 Max.
740 4519 777 4576 11,
790 4519 814 4566 8.
827 4544 862 4557 -
871 4518 944 4564 Oros.
952 4518 985 4574 V,
1000 4523 1042 4570 ss.
