2670 5018
270 772 321 841 ΙΝ
352 772 462 842 LOC.
489 774 582 841 LlB.
608 775 739 844 XClll
768 774 977 845 leltNl.
1083 773 1154 845 263

101 893 275 982 negavisse
289 893 472 957 tirmiiiorem
488 894 686 959 venatoribus
698 916 777 975 esse,
797 907 850 974 ut,
860 893 948 981 fitis
960 899 1090 977 omissos,
1112 897 1159 960 ad
1259 940 1267 967 t

104 1016 208 1058 mrum
230 1017 340 1058 vacua
363 994 463 1058 bostro
472 1010 597 1084 pergat.
615 996 674 1060 llis
693 995 804 1078 dictis,
822 997 1025 1085 pronuntiari
1046 999 1107 1064 iter
1122 999 1156 1063 in

104 1110 268 1183 posterum
287 1094 374 1159 diem
387 1095 493 1175 jussit.

147 1195 268 1259 xxlx.
291 1196 364 1261 Hoc
384 1217 493 1259 rerum
517 1194 557 1260 sd
583 1196 750 1261 Orientem
768 1212 873 1279 statu,
894 1198 937 1281 Q.
960 1199 1108 1264 Metellus
1126 1215 1158 1263 et

107 1297 166 1359 Cn.
183 1296 357 1384 Pompeius
379 1296 414 1359 in
432 1297 603 1386 Hispania,
623 1298 682 1362 ubi
701 1298 830 1379 majoris
851 1298 1042 1364 firmamenti
1059 1301 1158 1364 robo-

108 1393 212 1483 risque
228 1411 334 1485 partes
350 1413 457 1479 erant,
475 1398 617 1463 civitates
631 1399 755 1487 aliquot
768 1400 803 1463 in
818 1415 1009 1489 potestatem
1027 1400 1160 1489 redege-

108 1511 192 1560 runt.
212 1497 329 1586 Magna
350 1514 458 1563 umen
475 1520 587 1588 pugna
603 1500 692 1565 nulla
708 1515 849 1590 pugnata
866 1517 932 1582 est,
954 1502 1097 1567 Sertorio
1114 1502 1161 1565 vi-

111 1611 213 1681 tante,
226 1614 260 1663 ct
271 1623 363 1664 mora
377 1601 576 1690 miseriisque
586 1603 738 1667 omnibus
753 1617 909 1666 atterente
920 1602 1048 1667 hostem
1060 1625 1069 1667 t
1086 1625 1161 1667 nam

110 1713 142 1762 ct
154 1717 370 1766 commeatum
381 1701 574 1792 praecidebat
584 1703 629 1785 ei,
642 1704 737 1767 litora
749 1702 890 1791 piraticis
904 1702 1051 1792 navigiis,
1069 1725 1163 1792 agros

111 1801 372 1887 populationibus
395 1803 598 1886 infestando,
619 1820 653 1869 et
673 1803 841 1869 adomnia
862 1804 1101 1892 quantumlibet
1112 1803 1163 1869 di·

111 1901 224 1965 stantis
246 1920 416 1992 promptus
434 1927 471 1969 ac
485 1906 598 1987 velox,
621 1907 726 1986 curis,
746 1905 871 1993 inopia,
889 1904 1033 1993 periculo
1050 1904 1163 1969 adver-

111 2002 207 2067 sarios
224 2004 421 2086 macerabat,
436 2005 541 2070 donec
556 2004 726 2071 obsidione
739 2004 895 2068 Cluniana
908 2003 1074 2092 depulsos,
1092 2004 1164 2068 Me-

113 2099 220 2166 tellum
233 2104 421 2170 ulteriorem
433 2106 638 2195 Hispaniam,
654 2105 845 2194 Pompeium
861 2105 1010 2185 Galliam,
1024 2102 1167 2168 diversos

113 2216 217 2288 petere
232 2205 359 2294 coegit,
383 2227 424 2270 ne
446 2206 612 2287 conjuncti
633 2229 742 2272 rerum
766 2206 1014 2270 necessariarum
1031 2204 1167 2293 penuria

113 2321 342 2390 preurerentur.
356 2306 512 2395 Magnum
526 2330 563 2372 ea
574 2330 624 2372 res
637 2322 793 2371 terrorem
808 2308 918 2370 Rome
931 2305 1088 2385 concivit3
1100 2303 1168 2367 vul·

114 2427 217 2494 qoque
227 2406 294 2487 jam
309 2423 466 2472 venturus
481 2409 516 2472 in
531 2409 656 2474 ltaliam
676 2430 752 2473 cum
767 2406 910 2471 exercitu
925 2405 1086 2469 Sertorius
1104 2426 1166 2491 pu·

116 2505 254 2588 uhasur,
273 2508 411 2572 maxime
424 2524 595 2597 postquam
608 2511 667 2574 Cn.
685 2507 831 2596 Pompeii
844 2506 944 2572 allatu
959 2505 1057 2571 literae
1071 2518 1167 2583 sunt,

115 2602 148 2667 in
162 2604 246 2671 banc
258 2609 450 2672 seutentiam
467 2609 612 2698 scriptos:

157 2708 262 2774 m
282 2710 341 2774 ·Si
355 2709 505 2775 adversus
524 2733 601 2794 vos,
619 2711 839 2800 patriamque,
862 2725 896 2775 et
914 2707 993 2772 deos
1013 2707 1171 2787 Penates,

117 2811 231 2875 ctoties
255 2810 381 2876 labores
405 2827 438 2876 et
463 2813 605 2900 pericula
631 2814 861 2901 suscepissem,
879 2810 1007 2898 quoties
1028 2831 1047 2872 u
1067 2808 1170 2896 prima

118 2909 352 2975 «adolescentia
367 2911 469 2976 ductu
487 2935 561 2976 meo
577 2914 790 2978 scelestissimi
805 2914 914 2978 hostes
931 2911 1013 2991 lusi,
1029 2925 1063 2973 et
1078 2908 1171 2972 vobis

118 3010 222 3075 -sslus
238 3011 370 3099 quaesita
394 3027 462 3094 cst;
479 3013 560 3077 nihil
574 3015 711 3102 amplius
734 3014 767 3077 in
787 3014 952 3078 absentem
971 3032 1023 3074 me
1044 3009 1171 3073 statuis·

120 3111 232 3192 csetis,
248 3134 344 3200 quam
362 3111 468 3177 adhuc
482 3114 593 3202 agitis,
611 3115 721 3180 Patres
738 3112 932 3199 conscripti,
947 3131 1045 3198 quem
1060 3122 1172 3172 contra

122 3225 263 3275 «eutem
282 3214 462 3300 projectum
482 3214 524 3278 ad
543 3214 665 3280 bellum
688 3215 916 3292 saevissimum,
940 3233 1016 3275 cum
1031 3208 1173 3274 exercitu

122 3311 263 3398 «optime
282 3314 416 3394 merito,
436 3330 596 3401 quantum
620 3331 670 3380 est
691 3316 725 3379 in
743 3315 855 3395 vobis,
878 3315 980 3393 fame,
996 3309 1174 3375 miserrima

121 3412 288 3477 «omnium
304 3429 425 3496 morte,
445 3416 646 3481 confecistis:
666 3416 726 3479 hac
743 3415 831 3479 enim
846 3435 903 3502 spe
916 3411 1057 3500 populus
1072 3432 1177 3473 romu·

120 3535 204 3577 cous
223 3514 342 3578 liberos
361 3537 438 3579 suos
458 3515 501 3579 ad
519 3515 643 3581 bellum
660 3515 772 3580 misit?
788 3515 857 3579 hec
875 3529 953 3578 sunt
968 3511 1098 3600 premia
1114 3533 1177 3599 pro

121 3614 347 3695 «vulneribus,
361 3631 395 3679 et
406 3616 502 3680 toties
513 3616 557 3680 ob
570 3616 802 3704 rempublicam
811 3615 886 3679 lusu
902 3611 1083 3702 sanguine?
1100 3613 1176 3676 Fes-

120 3738 195 3780 ·sus
214 3715 412 3797 scribundo,
428 3716 652 3805 mittendoque
668 3719 810 3805 legatos,
826 3737 938 3778 omnes
956 3736 1035 3802 opes
1056 3728 1090 3777 et
1104 3734 1176 3801 spes

121 3844 135 3871 ι
143 3818 278 3903 privatas
294 3840 380 3880 meas
395 3818 601 3906 consumpsi,
613 3840 717 3904 quum
729 3817 859 3881 interim
874 3815 995 3879 avobis
1007 3837 1066 3903 per
1077 3815 1176 3878 trien-

121 3947 134 3972 ·
143 3918 234 3980 nium
247 3917 301 3980 vix
311 3939 440 3982 annuus
454 3935 603 4006 sumptus
616 3917 711 3982 datus
723 3935 782 3982 est.
797 3918 859 3982 Per
873 3915 952 3981 deos
964 3915 1176 3983 immortales!

122 4032 253 4081 «utrum
273 4017 428 4098 censetis,
446 4040 498 4082 me
517 4019 620 4083 vicem
643 4020 744 4083 aerarii
764 4034 930 4107 prestare,
945 4040 986 4081 an
1002 4018 1177 4087 exercitum

122 4117 212 4180 -siue
227 4117 393 4181 frumento
408 4132 442 4182 et
458 4118 618 4208 stipendio
633 4120 752 4185 habere
763 4120 881 4208 posse?
892 4119 1052 4209 Equidem
1064 4119 1179 4197 fateor,

141 4347 173 4415 ,5
184 4349 307 4397 xxvur.
318 4349 370 4398 Cic.
381 4365 428 4414 pro
438 4351 491 4415 lege
502 4351 588 4401 Manil.
599 4368 654 4418 esp.
663 4360 692 4413 t,
704 4365 729 4402 st
740 4368 788 4418 pro
801 4351 917 4409 Fonteio,
928 4367 983 4416 esp.
996 4352 1061 4399 3.-
1072 4348 1178 4413 Appisu.

124 4424 196 4481 Civil.
215 4432 259 4479 lib.
276 4434 296 4480 1,
316 4460 351 4469 -
367 4433 431 4482 ulus.
452 4437 479 4480 in
497 4436 587 4483 Scrtcr.
604 4451 657 4499 esp.
678 4436 723 4495 St,
739 4447 764 4483 et
780 4438 869 4500 Pomp.
889 4450 943 4498 cap.
961 4433 1002 4481 io.
1023 4458 1058 4469 -
1083 4428 1182 4481 &llum

126 4516 188 4567 llius.
202 4517 252 4575 us,
265 4528 330 4566 nost.
343 4516 478 4577 Buteonis,
489 4534 513 4582 p.
524 4518 586 4577 385,
598 4534 652 4582 sqq.
664 4517 708 4567 ubl
721 4517 770 4571 vid.
781 4529 834 4567 not.
846 4528 871 4567 et
882 4531 934 4567 ver.
945 4514 1001 4564 lest.
1014 4515 1061 4567 Em
