2670 5018
225 735 283 804 IN
314 735 427 802 LOC.
454 735 547 801 LlB.
574 733 741 802 LXXIX
770 733 983 802 LtvlsNI.
1091 731 1133 828 57

79 879 171 946 «ego,
189 856 318 943 inquit,
339 853 430 942 quod
450 876 507 916 sua
523 870 638 941 sponte
653 853 793 916 Marium
815 851 849 913 in
872 852 995 915 Italiam
1011 855 1136 918 venisse

80 956 293 1038 «arbitrabar,
310 977 381 1017 eam
394 954 585 1017 sententiam
598 953 662 1019 dixi
678 978 685 1018 ε
702 952 792 1040 quod
803 953 831 1015 si
842 954 946 1016 accitu
959 971 1016 1018 tuo
1030 955 1135 1038 adest,

80 1072 256 1120 ·t1ansacta
271 1069 419 1135 reserat,
434 1077 541 1142 neque
557 1056 699 1119 revocari
713 1056 747 1118 in
763 1053 1025 1119 deliberationem
1040 1058 1136 1121 debe·

79 1157 182 1221 ·bat».
200 1159 251 1221 Ita
272 1172 439 1244 receptum
455 1157 559 1220 Cinna
576 1158 745 1246 appellavit
760 1156 995 1246 proconsulem,
1019 1160 1136 1224 lasces-

80 1281 137 1346 que
161 1258 324 1339 adeum,
349 1273 382 1322 et
404 1258 464 1321 alia
486 1260 689 1348 magistratus
713 1259 850 1346 insignia
874 1258 970 1322 misit.
997 1259 1060 1322 Sed
1084 1261 1136 1323 ille

80 1361 250 1424 convenire
267 1361 336 1423 haec
356 1359 472 1423 exsulis
492 1361 629 1423 fortunae
647 1357 816 1447 negando,
838 1357 1021 1423 sordidatus
1042 1374 1137 1446 atque

81 1461 242 1548 squalidus
254 1461 342 1525 lento
353 1482 450 1548 passu
463 1460 648 1541 incedebat,
663 1460 912 1524 misericordiam
927 1461 1057 1525 concire
1070 1477 1138 1523 stu·

82 1561 154 1626 dens
173 1587 181 1626 :
199 1562 257 1627 sed
279 1562 484 1651 prominebat
501 1579 593 1625 atrox
610 1564 754 1643 animus,
773 1562 1010 1649 efferatumque
1028 1561 1136 1648 potius

81 1664 271 1738 calamitate,
287 1671 386 1750 quam
402 1662 578 1744 domitum,
597 1664 728 1727 torvitas
744 1664 851 1727 vultus
868 1663 1040 1728 indicabat.

120 1765 235 1830 XLVI.
255 1764 398 1829 Salutato
417 1765 568 1844 consule,
589 1781 621 1828 et
643 1763 684 1829 ad
705 1765 821 1828 milites
839 1765 985 1829 oratione
1008 1764 1137 1845 habita,

81 1865 225 1930 debello
248 1864 460 1930 deliberatum
481 1865 564 1929 inter
584 1865 685 1930 duces
708 1882 766 1930 est.
784 1864 1045 1955 Oppugnandam
1068 1888 1137 1929 esse

80 1967 198 2032 Urbem
210 1967 441 2048 conveniebat,
455 1968 611 2031 invitante
622 1969 804 2056 praeteralia
818 1968 958 2032 consulis
971 1971 1031 2031 Cn.
1042 1969 1138 2032 Octa·

80 2071 118 2132 vii
134 2069 290 2158 segnitie,
310 2091 377 2132 non
397 2087 461 2132 tam
480 2069 654 2157 imperitia,
672 2092 770 2156 quam
789 2069 1012 2157 intempestiva
1029 2069 1137 2157 legum

80 2193 168 2247 cura,
185 2170 373 2234 occasiones
387 2171 624 2258 corrumpentis
639 2171 743 2234 :inter
755 2194 842 2257 quae,
854 2170 1045 2249 jubentibus
1058 2170 1139 2233 mul·

81 2272 135 2352 tis,
160 2270 203 2335 ad
227 2270 451 2334 defensionem
475 2272 570 2335 Urbis
595 2272 740 2335 libertate
765 2271 947 2360 proposita,
969 2293 1136 2334 servorum

78 2373 192 2436 auxilio
206 2372 274 2454 uti,
288 2374 431 2462 negavit,
446 2376 538 2437 serves
553 2397 585 2436 sc
597 2389 708 2437 eontra
722 2373 802 2460 leges
817 2373 968 2437 daturum
984 2395 1054 2435 eam
1068 2373 1138 2436 civi·

79 2487 189 2554 tatem,
208 2475 293 2538 unde
309 2475 343 2540 C.
354 2476 495 2540 Marium
508 2477 628 2563 legibus
637 2498 755 2565 parens
768 2491 895 2540 arceret.
912 2479 955 2540 At
968 2477 1064 2564 longe
1078 2475 1137 2538 alia

79 2576 228 2639 Cinnanis
254 2575 336 2639 ratio
360 2593 444 2658 erat,
468 2577 542 2664 qui,
564 2594 705 2665 quatuor
727 2578 819 2640 factis
843 2577 1054 2658 exercitibus,
1076 2598 1136 2664 pro

79 2700 214 2742 numero
230 2677 353 2741 ducum
374 2677 465 2764 (nam
483 2695 599 2766 praeter
619 2680 756 2743 Cinnam
775 2697 808 2742 et
825 2679 982 2760 Marium,
1002 2678 1137 2742 seorsim
1237 2710 1242 2725 =

79 2779 115 2861 Q.
122 2780 303 2856 Sertorius,
317 2781 376 2844 Cn.
390 2780 535 2868 Papirius
546 2782 651 2845 Carbo
662 2780 842 2866 ducebant)
853 2780 995 2843 Tiberim
1006 2802 1137 2843 amnem

80 2881 267 2945 clauserant.
284 2883 333 2944 Ex
350 2881 484 2946 adverso
499 2883 596 2970 Urbis
617 2883 721 2946 Cinna
735 2899 767 2946 et
781 2883 887 2946 Carbo
905 2884 1066 2946 habebant
1084 2906 1136 2946 ca·

78 2998 156 3063 stra3
175 3005 273 3070 supra
287 2983 401 3047 urbem
419 2983 597 3063 Sertorius,
614 2984 697 3046 infra
718 2985 753 3046 C.
771 2984 892 3047 illarius
908 2983 1136 3062 consederant,

78 3099 122 3162 et,
143 3084 301 3172 pontibus
319 3084 440 3171 ubique
462 3085 638 3172 impositis,
658 3085 863 3173 dimissisque
879 3084 920 3148 ad
938 3084 1136 3172 diripiendos

79 3185 291 3274 negotiatores
312 3185 442 3266 lembis,
467 3185 606 3272 nequid
628 3187 795 3274 importari
816 3186 849 3249 in
875 3186 990 3248 urbem
1009 3201 1138 3273 posset,

79 3287 304 3373 prohibebant.

117 3389 248 3452 XLVII.
263 3388 530 3474 Ostiam'quoque
544 3388 705 3451 coloniam
719 3388 904 3475 proditione
920 3385 1136 3475 quorumdam

76 3488 269 3576 expugnavit
283 3488 425 3570 Marius,
443 3488 619 3575 multisque
634 3489 668 3552 in
683 3512 720 3552 ea
735 3490 909 3578 peremptis
921 3488 1063 3567 civibus,
1079 3510 1138 3574 op·

75 3585 186 3674 pidum
205 3586 344 3651 nefanda
356 3605 461 3677 strage
472 3587 623 3677 diripuit,
638 3590 792 3653 omnibus
805 3591 959 3663 avaritiae,
975 3588 1136 3670 libidinis,

76 3688 266 3775 seritiaeque
291 3689 444 3776 exemplis
465 3689 509 3752 ibi
531 3688 635 3754 editis.
660 3691 791 3755 Ababa
816 3707 906 3778 parte
932 3681 1135 3771 Ariminum,

76 3787 176 3853 missis
193 3810 233 3852 eo
249 3789 370 3875 copiis,
388 3790 490 3854 Cinna
512 3790 636 3881 redegit
654 3792 687 3855 in
708 3808 900 3880 potestatem
919 3817 926 3856 :
944 3817 1011 3880 quo
1033 3793 1136 3873 facto,

76 3911 144 3976 que
159 3891 194 3953 in
213 3892 336 3979 Togata
352 3891 453 3956 Gallia
468 3894 608 3957 collectae
627 3895 726 3981 copiae
745 3911 853 3975 erant,
871 3894 1135 3959 excludebantur.

77 3990 167 4056 Unde
182 4008 279 4055 arctae
296 3993 329 4055 in
344 3992 432 4055 Urbe
447 4016 497 4057 res
511 4017 578 4058 esse
593 3995 807 4082 incipiebant,
824 4012 945 4058 tantam
961 3994 1138 4059 multitudi-

76 4115 146 4156 nem
162 4094 229 4158 cito
246 4110 414 4182 premente
429 4113 669 4160 commeatuum
685 4097 812 4186 inopia,
829 4100 988 4186 variisque
1006 4097 1136 4161 interim

106 4319 123 4383 S
136 4323 213 4370 xiv.
227 4320 295 4370 Plnt.
308 4321 335 4368 in
348 4322 409 4369 Sert.
424 4338 477 4387 cap.
492 4340 518 4384 7,
531 4334 556 4370 et
569 4323 631 4371 Mer.
641 4339 696 4388 cap.
710 4339 752 4382 7⁰·
766 4350 801 4360 -
814 4324 867 4372 liv.
878 4324 944 4389 Epit.
957 4350 991 4361 -
1005 4323 1080 4370 Diod.
1096 4338 1136 4386 ap.

76 4405 151 4453 Vale.
165 4433 201 4442 —
213 4404 230 4470 S
244 4405 337 4453 xm.
351 4402 416 4452 nor.
432 4407 485 4464 III,
503 4421 545 4454 ar.
565 4433 599 4443 —
617 4405 725 4470 Appiae.
740 4406 793 4455 ctv.
808 4406 851 4454 lib.
867 4409 889 4454 I.
905 4433 939 4443 -
958 4405 1021 4454 Plut.
1037 4432 1070 4442 -
1083 4404 1136 4453 Lis.

77 4487 139 4551 Epis.
149 4516 184 4527 -
193 4491 269 4537 Oros.
281 4489 314 4546 V,
329 4503 369 4550 ¹9·
