2670 5018
285 760 340 829 IN
372 759 485 828 LOC.
507 759 601 826 LlB.
624 757 801 827 LXXXV
832 761 1044 831 LlVlANI.
1131 760 1194 858 157

135 892 258 964 quanto
280 893 429 964 tempore
452 877 504 940 vix
530 893 678 964 paratum
703 879 879 943 exercitum
903 879 983 943 alius
1004 883 1197 971 accepisset,

135 978 198 1066 ipse
220 978 351 1066 privato
376 979 512 1042 consilio
535 978 695 1042 delectum
722 980 917 1056 confecerit,
942 982 1121 1070 militesque
1146 1009 1198 1049 ar-

135 1097 237 1144 matos
257 1079 407 1144 eduxerit
421 1080 462 1143 ad
475 1102 617 1168 pugnam
630 1103 637 1144 :
657 1103 763 1167 neque
779 1081 935 1162 latebras,
949 1098 1007 1144 aut
1021 1084 1107 1165 avia,
1122 1087 1197 1172 qui·

136 1181 194 1245 bus
215 1183 385 1271 ignoratus
409 1199 565 1268 tutusque
585 1180 625 1243 ad
642 1182 762 1245 Sullam
779 1182 980 1268 perveniret,
1001 1185 1197 1249 sectabatur:

135 1283 239 1370 palam
255 1281 428 1363 incedens,
443 1304 665 1370 quascumque
674 1283 758 1346 inter
773 1282 919 1347 eundum
939 1284 1086 1372 regiones
1100 1286 1198 1348 attin·

136 1385 245 1473 gebat,
261 1383 303 1448 ad
317 1407 527 1449 communem
549 1405 676 1448 eausam
691 1383 851 1448 adducere
864 1384 1036 1447 nitebatur.
1052 1386 1128 1448 Haec
1140 1385 1198 1448 ubi

137 1486 272 1548 Romam
286 1486 408 1572 perlata
423 1501 517 1564 sunt,
539 1484 615 1572 quia
635 1507 731 1572 supra
750 1483 847 1548 fidem
870 1500 980 1564 erant,
996 1500 1120 1548 aetatem
1137 1508 1198 1571 po·

138 1584 197 1648 tius
214 1585 380 1672 Pompeii,
395 1608 493 1672 quam
510 1584 671 1665 indolem,
691 1586 936 1666 aestimantium,
955 1603 1110 1673 tanquam
1128 1587 1198 1650 ine·

138 1686 196 1771 ptis
218 1686 343 1749 nuntiis
362 1686 395 1748 in
414 1687 519 1765 majus
538 1702 632 1750 aucta
645 1686 897 1773 spernebantur:
915 1686 972 1751 sed
988 1703 1197 1775 posteaquam

137 1787 272 1852 certiore
291 1789 376 1851 fama
399 1787 633 1868 innotuerunt,
652 1804 781 1852 senatus
800 1788 934 1852 lunium
952 1790 1087 1852 Brutum
1105 1787 1200 1876 proii-

138 1887 211 1951 cisci
223 1889 377 1953 adversus
394 1889 484 1953 illum
497 1890 603 1969 jussit.

178 1988 247 2052 XV.
271 1990 340 2052 Jam
360 2006 393 2054 et
413 1990 561 2070 Carinas,
583 2005 617 2054 et
636 1990 755 2055 Coelius
772 2013 848 2055 cum
864 1992 930 2055 suis
945 1992 1083 2079 quisque
1097 1991 1198 2078 copiis

137 2088 239 2153 eidem
255 2114 290 2154 se
304 2090 437 2155 diversis
455 2115 494 2156 ex
513 2092 659 2180 partibus
680 2092 874 2171 objecerant.
893 2093 997 2181 lgitur
1016 2093 1119 2156 tribus
1138 2093 1199 2154 ho·

137 2190 257 2255 stilibus
270 2192 464 2256 exercitibus
480 2193 623 2269 cinctus,
640 2194 673 2255 in
687 2196 823 2258 Brutum
841 2216 968 2257 summa
982 2195 1014 2258 vi
1027 2194 1196 2257 convertit.

138 2288 231 2354 Primi
245 2294 399 2379 utrinque
411 2295 535 2380 equites
551 2312 808 2374 concurrerunt,
821 2317 895 2358 nam
914 2295 1063 2382 gallicum
1077 2295 1198 2381 equita·

138 2407 202 2455 tum
228 2396 349 2458 Brutus
372 2394 573 2459 adduxerat:
604 2397 650 2460 ibi
675 2412 847 2483 provectus
872 2412 946 2459 ante
972 2397 1062 2485 signa
1086 2394 1197 2458 adole-

136 2514 243 2575 scens,
269 2496 388 2584 insigni
414 2496 532 2560 robore
550 2497 696 2577 Gallum,
713 2496 769 2584 qui
786 2512 819 2560 et
844 2497 911 2583 ipse
929 2518 968 2559 ex
987 2496 1109 2559 diversa
1129 2494 1197 2557 acie

136 2613 354 2682 procurreret,
373 2598 482 2661 lancea
497 2597 658 2676 dejectum
675 2598 856 2661 interfecit:
876 2594 965 2660 unde
980 2597 1080 2660 timor
1094 2596 1198 2659 inces-

136 2697 174 2759 sit
194 2698 366 2780 hostibus,
383 2715 415 2762 et
437 2721 514 2762 mox
535 2699 631 2787 fuga5
651 2719 851 2784 suorumque
869 2697 903 2759 in
927 2697 1027 2760 aciem
1046 2693 1197 2783 impacti,

135 2797 271 2882 peditem
291 2822 424 2887 quoque
446 2800 614 2864 turbatum
632 2813 825 2862 averterunt.
841 2798 892 2861 Sic
906 2800 979 2861 fuso
995 2799 1086 2861 Bruti
1103 2823 1197 2866 exer-

135 2898 216 2978 citu,
236 2922 341 2986 quum
359 2901 444 2964 inter
462 2902 604 2988 reliquos
620 2900 718 2964 duces
735 2915 810 2968 orta,
820 2897 980 2963 discordia
998 2916 1098 2983 esset,
1115 2904 1195 2968 alius

134 2999 192 3063 alio
217 3018 321 3065 castra
345 3018 527 3066 moverunt.
554 3004 729 3091 Pompeius
753 3000 892 3088 oppida,
915 3000 1058 3064 discessu
1080 3026 1194 3069 eorum

135 3101 287 3188 presidiis
307 3103 447 3184 nudata,
465 3105 631 3168 voluntate
646 3103 825 3166 incolarum
843 3102 974 3188 recepit.

173 3202 261 3266 XVI.
282 3203 360 3266 Mox
376 3205 482 3293 Scipio
497 3205 612 3268 consul
625 3226 700 3268 cum
716 3203 859 3266 exercitu
872 3203 1033 3284 occurrit,
1049 3227 1116 3266 non
1131 3228 1195 3268 me·

133 3301 226 3383 licre,
238 3327 336 3391 quam
350 3321 458 3385 antea,
478 3322 591 3369 contra
603 3305 724 3368 Sullam
741 3319 878 3366 eventu:
897 3325 972 3365 nam
992 3304 1108 3367 milites
1127 3305 1195 3384 ejus

133 3403 227 3468 simul
241 3419 340 3490 atque
356 3405 570 3492 Pompeianos
586 3405 762 3491 conspicati
777 3419 872 3483 sunt,
890 3403 1082 3481 salutatione
1098 3407 1195 3486 facta,

132 3503 170 3566 ad
189 3505 261 3568 illos
284 3507 490 3569 transierunt.
513 3506 679 3569 Postrema
701 3527 776 3568 cum
795 3504 943 3567 Carbone
958 3503 1044 3566 lucta
1062 3504 1139 3584 fuit,
1156 3505 1196 3568 ad

132 3602 222 3667 AEsin
245 3603 368 3668 [lumen
394 3606 510 3669 multas
533 3606 680 3693 equitum
707 3606 771 3668 alas
796 3605 977 3683 objiciente.
1001 3604 1064 3668 Sed
1084 3604 1136 3668 ille
1161 3606 1195 3669 in

133 3703 199 3768 lom
211 3706 323 3793 iniqua
336 3706 504 3787 detrusos,
519 3730 622 3794 quum
637 3705 791 3770 evadendi
806 3707 854 3769 via
870 3728 936 3768 non
952 3720 1051 3785 esset,
1063 3729 1137 3769 cum
1149 3731 1196 3771 an

132 3806 190 3869 mis
206 3807 366 3895 equisque
385 3808 419 3871 in
439 3807 637 3872 deditionem
653 3808 786 3895 accepit.
804 3808 941 3895 Ignarus
955 3807 1073 3872 borum
1089 3809 1193 3890 Sulla,

131 3908 184 3992 qui
206 3907 369 3971 nihildum
392 3909 496 3989 aliud,
518 3911 578 3972 nisi
598 3910 638 3973 de
656 3910 768 3997 primis
787 3908 933 3995 Pompeii
950 3909 1119 3973 conatibus
1135 3934 1194 3974 au·

131 4005 250 4089 dierat,
264 4025 296 4072 et
308 4008 350 4073 de
363 4008 565 4074 adolescente
576 4011 749 4091 sollicitus,
765 4033 806 4073 ne
817 4033 876 4097 per
888 4025 938 4073 tot
948 4009 1092 4074 hostium
1105 4034 1195 4075 exer-

131 4107 210 4173 citus
225 4131 436 4196 perrumpere
452 4135 519 4175 non
534 4127 661 4199 posset,
678 4112 711 4174 in
733 4133 905 4175 occursum
924 4111 993 4190 ejus
1015 4112 1195 4199 expeditam

132 4206 259 4271 manum
275 4208 378 4272 duxit.
398 4212 469 4274 Hoc
486 4211 544 4275 ubi
560 4212 717 4299 Pompeio
736 4228 956 4300 compertum,
974 4235 1081 4299 neque
1097 4214 1194 4299 longe

164 4412 180 4476 S
195 4414 264 4461 xlv.
279 4414 378 4462 Sallust.
391 4442 425 4450 —
435 4417 522 4479 Veget.
535 4415 566 4463 de
576 4417 613 4463 lle
622 4415 692 4462 milit.
704 4415 748 4463 lib.
761 4417 806 4463 11.
820 4444 854 4452 -
866 4415 970 4464 Diodor.
983 4442 1017 4452 -
1024 4414 1089 4462 Vell.
1101 4416 1140 4470 ll,
1150 4426 1193 4471 ao.

137 4518 167 4527 -—
178 4494 298 4545 Plutarch.
311 4525 346 4534 -
355 4499 442 4546 Zonar.
