2670 5018
281 719 337 785 IN
369 717 485 786 Luc.
512 718 605 784 LlB.
632 718 852 786 LXXXVII
883 721 1093 794 LIVIANI.
1149 723 1215 821 175

162 854 283 903 -utum
297 839 341 902 ab
356 836 544 902 adversariis
565 857 650 917 ease,
675 851 712 898 ut
729 836 769 899 ab
786 836 853 922 ipsa
873 835 1030 902 Modestia
1046 841 1096 905 vix
1113 845 1215 931 possit

161 939 357 1027 .postulari,
386 937 419 1000 in
442 952 529 1000 tanta
554 935 703 1000 vindictae
728 953 760 1000 et
780 959 874 1000 causa
898 954 930 1002 et
954 941 1138 1026 occasione,
1162 947 1214 1008 in-

160 1055 314 1103 ·cruenta
325 1038 510 1126 reipublicae
522 1037 690 1101 conversio
706 1060 714 1100 ε
729 1059 835 1124 neque
847 1038 938 1101 illum
952 1039 1082 1128 ingenio
1095 1045 1214 1108 abhor-

160 1161 247 1203 nrere
264 1162 284 1203 a
299 1138 438 1217 saevitia,
454 1137 511 1201 sed
531 1137 668 1225 tempori
686 1136 828 1219 dedisse,
845 1161 886 1202 ne
906 1157 1097 1227 praemature
1117 1147 1212 1210 effer·

159 1256 335 1321 ·vesceret;
349 1262 390 1302 ne
401 1238 448 1301 sic
461 1236 592 1325 quidem
606 1253 784 1326 temperare
793 1239 952 1325 potuisse,
965 1241 1043 1327 quin
1055 1243 1212 1310 evidentia

159 1340 336 1404 ·nonnulla
351 1337 493 1404 crudelis
509 1337 607 1401 animi
623 1355 811 1426 argumenta
827 1358 1043 1429 erumperent.

196 1442 269 1506 XV.
285 1441 422 1506 «Priore
436 1439 627 1513 sanctulo,
641 1461 743 1526 quum
757 1455 899 1504 servatus
913 1440 1042 1505 aMario
1056 1441 1097 1507 ad
1112 1444 1211 1535 legio·
1236 1452 1239 1456 '

158 1540 310 1620 «oesiam
329 1540 381 1605 alii
397 1538 541 1603 decretas
556 1537 719 1621 rediisset,
732 1539 764 1602 vi
777 1561 814 1602 ac
829 1540 925 1604 armis
939 1542 1086 1606 omnium
1101 1567 1209 1609 rerum

156 1642 343 1706 ·arbitriurn
362 1641 551 1728 arripuisae;
568 1639 689 1703 Urbem
713 1661 903 1728 occupasse;
927 1642 1116 1730 multisque,
1139 1645 1209 1735 ipso

155 1743 387 1824 nconnivente,
410 1741 539 1806 interim
564 1755 597 1803 et
614 1739 766 1821 jubente,
793 1740 925 1822 occisis,
950 1743 1092 1830 coegisse
1114 1766 1208 1808 seua·

155 1859 258 1926 utum,
276 1859 314 1906 ut
327 1844 510 1932 complures
523 1842 667 1930 egregios
680 1841 766 1904 viros
782 1841 984 1906 lacultatibus
998 1845 1063 1907 suis
1077 1861 1208 1928 exutos,

155 1945 280 2032 qanta
288 1943 443 2032 adspectu
453 1944 610 2032 privatos,
623 1943 730 2006 hostes
736 1941 904 2022 judicaret.
917 1943 979 2007 Sed
991 1966 1051 2008 nec
1059 1945 1208 2010 ambitio·

153 2067 245 2109 ·nenr
260 2044 331 2125 ejus
344 2046 469 2125 minus,
484 2066 580 2134 quam
593 2041 790 2106 iracundiam
804 2043 1008 2109 metuendam
1021 2068 1100 2111 esse.
1111 2049 1208 2137 Cupi-

153 2144 271 2210 ·ditate
288 2147 502 2210 bonorumet
519 2143 750 2209 dominationis
772 2142 890 2206 multos
907 2143 1037 2232 ingenio
1056 2147 1149 2211 mites
1165 2171 1204 2212 eo

152 2269 201 2310 ιω
225 2247 443 2335 precipitare,
469 2243 557 2309 unde
583 2243 653 2308 sine
675 2265 753 2322 suo,
778 2260 834 2306 aut
850 2244 986 2309 aliorum
1009 2247 1107 2311 exitio
1126 2249 1204 2312 eniti

149 2361 340 2434 «nequeant
360 2348 430 2410 lam
445 2367 522 2409 vero
539 2345 581 2408 ita
596 2359 815 2431 comparatum
828 2345 862 2407 in
878 2345 972 2408 rebus
985 2345 1151 2431 humanis,
1168 2365 1205 2411 ut

148 2449 233 2512 «sine
250 2449 315 2514 nlla
335 2447 542 2511 cunctatione
564 2445 644 2508 alios
660 2445 796 2532 quisque
815 2466 875 2533 pro
897 2467 947 2524 se,
967 2468 1064 2533 quam
1087 2470 1121 2511 se
1143 2471 1204 2535 pro

146 2548 233 2612 aliia
248 2549 354 2636 perire
370 2548 470 2612 malit.

185 2651 273 2714 XVI.
290 2649 388 2714 «Non
412 2670 506 2737 posse
526 2649 676 2711 exsistere
694 2646 885 2710 clementem
900 2647 1045 2711 animum
1067 2648 1100 2709 in
1118 2648 1201 2712 civili

145 2751 314 2832 *victoria3
327 2750 406 2831 iras,
422 2750 513 2831 odia,
526 2750 685 2829 offensas,
698 2771 883 2835 quanquam
898 2749 1081 2813 mitissimos
1095 2772 1201 2814 mores

144 2852 352 2917 -exacerbare
361 2875 370 2915 ε
379 2851 530 2915 accedere
544 2850 706 2913 licentiam
720 2871 854 2912 summe
870 2849 1038 2936 potentiae3
1055 2865 1087 2913 et
1100 2851 1199 2914 inter-

143 2952 240 3017 ·dum
255 2953 307 3017 vel
320 2952 535 3016 anolentibus
549 2949 672 3037 aliquid
685 2948 798 3012 durius
812 2947 898 3029 fieri,
913 2965 951 3011 ut
963 2948 1200 3014 admoneantur

142 3053 331 3134 domines,
356 3068 513 3142 quantum
540 3050 717 3115 victoribus
744 3051 857 3130 liceat,
882 3049 909 3112 si
937 3050 1037 3113 velint
1063 3073 1070 3114 :
1097 3052 1197 3116 multa

142 3176 295 3242 uquoque
310 3168 422 3217 contra
439 3152 639 3216 voluntatem
658 3153 760 3214 facere
777 3150 864 3240 cogi,
881 3166 918 3213 ut
936 3150 1129 3215 satisfaciant
1144 3151 1197 3215 ad·

140 3255 322 3334 uiatoribus
341 3254 480 3318 victoriae
498 3253 643 3318 :horum
667 3251 889 3341 inexplebilem
910 3252 1074 3316 avaritiam
1101 3253 1195 3317 nullis

139 3378 305 3445 0unquam
324 3355 441 3443 opibus
457 3355 602 3418 exsatiari
618 3375 730 3442 posse3
745 3351 800 3416 sed
816 3353 857 3416 ad
871 3353 927 3415 has
939 3351 1094 3440 parandas
1112 3376 1194 3443 opus

137 3480 226 3521 «esse
240 3455 428 3521 crudelitate
444 3477 452 3519 :
467 3477 542 3518 nam
559 3471 592 3517 et
609 3453 706 3517 adimi
720 3453 806 3517 bona
820 3451 1045 3516 innocentibus
1060 3452 1193 3516 invidio·

137 3558 319 3621 ‹sissimum
335 3579 421 3637 esse,
436 3571 469 3618 et
486 3555 710 3634 injustissimos
727 3555 841 3634 etiam,
858 3576 960 3640 quum
975 3553 1079 3616 facere
1093 3554 1191 3617 scele-

136 3673 204 3720 ·sta
222 3657 306 3719 nihil
321 3657 412 3743 pensi
426 3656 583 3730 habeant,
600 3655 720 3742 probos
736 3669 843 3718 tamen
862 3651 961 3716 videri
979 3652 1072 3715 malle
1089 3674 1097 3716 ε
1113 3655 1191 3718 nihil

136 3781 233 3847 ·ergo
251 3758 431 3844 reliquum,
449 3779 547 3842 quam
562 3772 599 3819 ut
616 3755 735 3844 quibus
750 3754 874 3841 eripere
892 3753 1056 3816 facultates
1071 3755 1191 3817 consti·

134 3860 295 3937 ctnerint,
319 3857 366 3922 ela
390 3859 479 3945 prins
503 3856 644 3921 adimant
667 3857 785 3933 vitam,
812 3876 878 3940 quo
904 3869 1056 3940 tanquam
1081 3870 1189 3918 sontes

133 3959 317 4047 «punivisse
333 3957 539 4023 credantur.»

172 4060 277 4123 XVII.
293 4062 452 4123 Craterum
463 4059 567 4140 Sulla,
582 4081 648 4122 non
660 4057 782 4121 diutius
795 4057 904 4120 Romae
917 4071 1075 4137 moratus,
1090 4080 1187 4144 quam

130 4177 164 4223 ut
182 4161 303 4224 curatis
326 4159 537 4240 instantibus,
559 4159 737 4223 amicorum
762 4153 919 4245 quosdam
941 4152 1073 4218 urbanis
1090 4155 1187 4219 rebus

130 4258 317 4346 preficeret,
332 4258 407 4324 Inde
419 4278 574 4325 contento
590 4283 688 4325 cursu
698 4258 859 4324 Etruriam
872 4255 982 4345 petiit;
998 4253 1087 4341 qnod
1098 4254 1186 4343 apud

130 4360 273 4426 Clusium
303 4361 409 4424 Carbo
436 4362 550 4426 consul
581 4359 730 4424 llorentes
757 4356 885 4444 copias,
913 4355 1018 4441 ipsum
1045 4354 1185 4440 partium

129 4462 245 4544 robur,
271 4477 483 4526 contraxerat.
510 4463 715 4526 Accesserant
740 4457 978 4522 Celtiberorum
1004 4453 1078 4533 alae,
1107 4475 1185 4541 quas
