2670 5018
284 809 337 876 IN
365 809 475 876 LOC.
503 809 597 875 Llll.
623 755 754 877 XClll
784 811 995 881 LIVIANl.
1104 813 1167 883 alit

117 927 247 1005 aberat,
271 928 472 1014 properavit,
497 927 606 1014 ibique
632 942 793 991 contracta
822 929 919 998 classe
944 930 1173 1014 tumultuaria,

117 1029 274 1116 privatus,
298 1044 371 1115 post
393 1050 508 1115 paucas
524 1029 641 1109 horas,
661 1051 756 1116 quam
778 1045 844 1097 erat
866 1029 1034 1113 liberatus,
1052 1050 1171 1101 stantes

116 1128 221 1193 adhuc
241 1128 282 1192 ad
305 1129 450 1193 eamdem
475 1131 612 1193 insulam
634 1129 801 1217 praedones
824 1145 922 1194 noctu
944 1131 1094 1215 adortus,
1116 1137 1172 1201 ali-

116 1247 197 1317 quot
218 1253 334 1311 naves,
361 1232 473 1295 mersis
497 1231 581 1312 aliis,
605 1246 638 1294 et
659 1231 767 1320 fugata
794 1229 915 1317 reliqua
940 1231 1057 1313 classe,
1075 1235 1170 1322 cepit.

116 1331 240 1394 Deinde
261 1332 413 1394 festinans
436 1330 478 1395 ad
500 1332 726 1423 proconsulem
750 1331 833 1395 Asiae
853 1331 1009 1412 lunium,
1026 1333 1081 1420 qui
1100 1350 1170 1414 turn

116 1447 181 1496 erat
199 1433 231 1495 in
253 1432 418 1520 Bithynia,
442 1454 510 1496 rem
534 1448 653 1521 gestam
677 1432 842 1518 exposuit,
864 1447 966 1518 utque
988 1433 1041 1495 ille
1059 1449 1173 1499 auctor

116 1533 261 1620 supplicii
282 1531 323 1596 de
345 1532 476 1621 captivis
498 1524 648 1596 sumendi
668 1530 776 1612 lieret,
794 1532 978 1619 postulavit.
995 1534 1099 1620 Atque
1118 1535 1173 1598 illo

115 1631 319 1696 venditurum
342 1633 483 1719 captivos
504 1631 739 1720 respondente,
759 1632 970 1720 Pergamum,
984 1632 1042 1697 ubi
1056 1634 1174 1722 piratas

116 1734 147 1796 in
161 1734 340 1798 custodiam
356 1732 505 1813 dederat,
520 1733 700 1798 incredibili
714 1733 874 1798 celeritate
886 1749 1052 1815 revectus,
1067 1737 1174 1824 prius·

115 1857 210 1922 quam
233 1836 305 1899 ullae
323 1835 529 1922 supervenire
545 1835 747 1921 proconsulis
765 1834 907 1920 epistolae
925 1850 1073 1921 possent,
1091 1835 1171 1901 alle·

115 1937 155 1999 cit
171 1959 211 1999 eo
227 1936 403 2024 supplicio,
419 1934 508 2022 quod
523 1959 606 2023 saepe
623 1936 762 1999 minatus
779 1956 836 2023 per
849 1935 960 2035 jocum
977 1935 1092 2000 fuerat.

154 2038 257 2101 XXV.
275 2034 338 2100 Sed
354 2059 396 2098 ne
409 2059 427 2098 a
440 2035 571 2099 lenitate
585 2051 706 2100 naturae
719 2058 785 2099 suae
799 2034 1003 2116 descisceret,
1019 2051 1170 2100 ettamen

114 2136 257 2224 impleret
278 2135 440 2200 dictorum
461 2135 575 2217 sulem,
597 2135 736 2224 jugulari
759 2137 866 2224 prius,
885 2135 1002 2201 deinde
1020 2138 1172 2202 crucibus

114 2238 234 2328 suffigi,
254 2239 357 2318 jussit.
376 2239 437 2301 llic
453 2239 550 2327 igitur
565 2241 686 2319 Caesar,
704 2261 825 2325 quum,
842 2236 1027 2323 Mithridate
1041 2239 1171 2325 provin·

114 2340 174 2402 cias
197 2361 346 2402 romanas
369 2354 534 2417 vastante,
560 2362 611 2402 res
637 2332 678 2403 ad
701 2338 914 2402 defectionem
938 2354 1112 2426 spectaret,
1130 2341 1172 2405 ab
1270 2400 1272 2405 .

113 2440 247 2522 llhodo,
266 2463 334 2528 quo
354 2439 577 2527 pertenderat,
592 2441 625 2503 in
648 2441 754 2504 Asiam
772 2439 1023 2529 profectus.est;
1040 2456 1169 2505 contra·

112 2543 233 2629 ctisque
251 2542 414 2605 sociomm
438 2541 582 2622 auxiliis,
599 2556 632 2604 et
656 2544 806 2628 praefecto
829 2541 911 2629 regis
931 2540 1096 2627 provincia
1114 2565 1169 2607 ex·

112 2643 219 2729 pulso,
233 2642 351 2707 dubios
366 2665 403 2706 ac
417 2641 629 2707 deliberantes
643 2643 807 2707 civitatum
822 2641 946 2705 animos
963 2641 995 2704 iu
1013 2639 1076 2705 lide
1089 2664 1170 2707 cou-

112 2745 215 2808 tinuit.
227 2743 320 2808 ldem
334 2744 402 2830 pari
415 2743 540 2823 studio,
557 2744 746 2807 auctoritate
758 2742 877 2821 majore
888 2740 1042 2806 Lucullus
1055 2744 1170 2807 consul

112 2845 261 2924 iaciebat,
279 2844 353 2931 qui,
370 2844 466 2907 rebus
483 2843 614 2907 urbanis
630 2859 809 2929 utcumque
824 2842 1028 2930 compositis,
1048 2844 1169 2908 interea

111 2946 142 3008 in
157 2945 354 3032 provinciam
374 2959 524 3007 venerat:
542 2965 616 3006 nam
638 2943 681 3004 ob
702 2942 862 3007 delectum
885 2958 953 3006 erat
973 2959 1115 3008 moratus
1137 2961 1170 3009 et

113 3046 273 3109 tribunitia
284 3046 406 3133 jurgia,
417 3066 520 3131 quum
534 3044 568 3106 L.
585 3044 738 3124 Quintio,
754 3042 898 3129 quotidie
911 3043 1077 3109 seditiosas
1091 3067 1169 3109 con-

113 3145 218 3209 ciones
237 3145 385 3223 habenti,
408 3166 534 3208 summa
550 3144 582 3206 vi
598 3145 777 3224 resisteret,
794 3143 900 3207 donec
920 3144 1088 3208 insolentia
1107 3145 1169 3207 ho·

114 3245 207 3308 minis
229 3246 359 3311 mitibus
373 3244 550 3324 remediis,
573 3244 722 3309 docendo
747 3243 984 3330 mulcendaque
1006 3245 1170 3327 cohibita,

111 3368 184 3409 cum
207 3369 271 3411 una
288 3348 415 3436 legione
430 3347 576 3434 pervenit
597 3347 628 3409 in
651 3346 775 3426 Asiam3
791 3344 1015 3432 adjunctisque
1032 3346 1169 3434 legioni·

111 3446 170 3510 hus
188 3463 338 3534 quatuor,
361 3446 508 3534 peditum
526 3469 736 3510 romanorum
755 3446 885 3535 triginta
903 3446 1021 3526 millia,
1044 3446 1169 3534 equites

108 3544 155 3610 bis
172 3548 258 3611 mille
277 3549 470 3638 quingentos
486 3547 626 3629 ducens,
642 3548 757 3628 jamin
777 3548 949 3637 Phrygiam
967 3570 1071 3634 usque
1088 3570 1166 3634 pro·

110 3662 261 3728 cesserat3
279 3670 401 3735 quum,
419 3649 561 3713 adventu
581 3648 649 3729 ejus
670 3648 817 3738 cognito,
835 3648 881 3712 Μ.
899 3650 1013 3727 Cotta,
1035 3670 1076 3710 ne
1091 3672 1167 3713 curn

109 3747 227 3838 collega
241 3746 389 3811 debellati
405 3750 487 3838 regis
504 3747 633 3813 laudem
647 3749 917 3829 communicaret,
934 3747 974 3811 ad
988 3748 1167 3813 Chalcedo-

63 3902 68 3909 .
111 3871 181 3912 nem
198 3871 273 3912 cum
289 3849 475 3914 Mithridate
491 3848 664 3938 confligere
677 3849 858 3913 maturavit.

150 3950 270 4013 XXVI.
294 3950 408 4036 Neque
433 3967 538 4014 tamen
564 3952 651 4039 ipse,
673 3966 710 4012 ut
728 3965 796 4013 erat
810 3948 1000 4013 bellicorum
1018 3951 1167 4015 certami-

110 4073 186 4113 num
201 4049 310 4130 rudis,
327 4050 457 4139 prodire
476 4074 590 4131 ausus,
613 4051 747 4115 Nudum
765 4048 949 4136 prefectum
967 4048 1073 4112 classis
1088 4071 1163 4113 cum

109 4165 195 4236 parte
214 4151 372 4214 exercitus
396 4152 509 4217 emisit.
532 4152 598 4232 Qui
613 4153 688 4216 licet
704 4150 951 4215 munitissimam
972 4151 1075 4236 campi
1095 4174 1166 4238 par·

139 4381 266 4446 §HN
280 4383 343 4430 Veli.
360 4410 394 4419 -
405 4384 516 4448 Polym.
529 4384 682 4439 sartavssl,
705 4385 728 4431 3.
744 4411 779 4420 -
796 4383 860 4431 Plut.
875 4409 908 4420 -
924 4382 941 4445 s
958 4384 1040 4431 XXV.
1056 4383 1122 4431 Plut.
1139 4382 1165 4427 in

108 4466 221 4522 lucullo,
235 4481 289 4530 cap.
304 4466 342 4513 ri.
360 4493 394 4502 -
415 4468 515 4514 sueton
531 4467 557 4513 iu
572 4465 632 4515 Cen.
650 4481 703 4531 cap.
716 4473 731 4520 q
747 4477 772 4513 et
786 4474 827 4525 7⁴·
840 4492 874 4502 -
889 4464 986 4513 Sallust.
1000 4465 1063 4512 llist.
1074 4463 1124 4520 111,
1137 4461 1167 4509 ln

108 4557 166 4595 orat
179 4547 267 4595 Macri.
278 4575 312 4584 —
322 4547 374 4595 Cic.
388 4562 433 4611 pro
444 4547 540 4597 Cluent.
550 4566 603 4614 rap.
616 4555 658 4610 49.
671 4576 704 4587 ·-
714 4548 821 4614 Appiu-
832 4545 945 4597 llithrid.
