2670 5018
11 690 13 694 ’
146 709 212 794 134
320 710 387 815 so.
415 710 755 817 rnnrusuuuu
783 696 1028 779 sumnum

139 831 254 922 «sigua
277 831 311 897 in
335 831 439 896 Asiam
457 852 497 897 eu
512 846 704 921 tempestate
717 828 906 913 intulimus,
922 852 986 919 qun
1008 828 1205 897 vesuntio-

30 958 33 965 ·
139 964 153 988 ι
161 932 243 999 chus
258 933 356 1023 Syriu¹
369 955 425 997 rex
440 932 575 999 acerbus
585 930 688 998 bostis
700 946 758 997 aut
769 932 874 1022 gravis
884 930 1040 1025 domiuus
1055 926 1205 1023 urgebat.
1225 922 1229 929 ’

140 1064 154 1090 ι
165 1037 236 1099 Hoc
252 1035 336 1099 ultra
349 1035 455 1123 Halyn
470 1049 504 1099 et
515 1034 662 1099 Taurum
677 1048 806 1115 exacto,
820 1054 889 1097 uon
899 1047 940 1097 ut
953 1030 1041 1099 bello
1053 1030 1207 1123 quesitus

139 1164 154 1191 ι
164 1136 300 1225 imperio
323 1122 438 1200 nostro
458 1134 675 1217 subjecimus,
697 1130 756 1199 sed
769 1130 952 1199 libertatern
967 1130 1119 1199 dedimus
1135 1156 1206 1199 orn·

139 1268 153 1294 a
163 1238 280 1320 nibus;
296 1236 359 1301 nisi
380 1259 464 1326 quos
478 1236 619 1303 Eumeni
637 1234 839 1325 Rhodiisque
854 1234 931 1301 belli
943 1258 981 1301 ac
994 1234 1138 1301 victorie
1150 1238 1205 1301 so·

140 1369 153 1393 ι
164 1339 237 1420 ciis,
253 1339 386 1405 clientes
403 1338 521 1431 magis,
540 1360 640 1429 quum
653 1338 841 1405 tributarios
859 1336 1100 1403 concessimus:
1115 1336 1207 1427 quod

140 1438 295 1526 «quidem
314 1440 486 1505 manifesto
506 1430 798 1531 statim-apparuit„
817 1461 920 1528 quum
940 1438 1072 1531 Lycios,
1088 1454 1208 1529 preter

140 1571 153 1596 ι
163 1558 274 1607 nostra
296 1540 423 1608 decreta
437 1543 541 1632 premi
557 1557 708 1631 questos,
722 1540 860 1632 imperio
877 1538 1116 1631 Rhodiensium
1130 1562 1207 1606 exe·

139 1673 152 1697 «
163 1665 293 1708 mimus.

185 1744 340 1810 XXXIX.
356 1744 449 1809 -Tali
460 1766 533 1835 erga
545 1766 604 1810 vos
616 1743 727 1811 auimo
737 1743 861 1811 fuimus
871 1744 1030 1827 Romsni;
1040 1741 1095 1809 cui
1107 1764 1207 1833 qusm

140 1876 153 1900 ι
165 1845 299 1932 gratiam
318 1845 512 1924 retuleritis,
523 1836 702 1935 quereretur
718 1868 737 1911 a
751 1846 862 1928 robis,
877 1844 941 1911 nisi
950 1844 1017 1927 jam
1034 1858 1112 1909 ante
1129 1858 1208 1909 nota

141 1945 233 2009 -hoec
251 1946 404 2011 omnibus
420 1962 540 2013 essent·
554 1946 668 2031 Quum
686 1947 775 2013 enim
792 1946 919 2011 Attalus
934 1960 1131 2013 testamento
1147 1968 1209 2011 nos

140 2076 153 2100 ι
166 2044 300 2111 heredes
312 2047 512 2136 reliquisset,
522 2047 708 2113 Aristonico
717 2044 894 2112 vindicanti
907 2067 1044 2139 regnum
1057 2068 1119 2135 per
1128 2068 1209 2135 qus·

141 2144 350 2211 «driennium
370 2147 569 2230 adbaesistis3
583 2147 690 2215 donec
707 2164 741 2214 et
761 2146 815 2213 ille
832 2164 1020 2237 caperetur,
1040 2163 1074 2212 et
1091 2170 1151 2214 ros
1166 2146 1209 2213 sd

142 2264 347 2313 «extremum
365 2248 538 2315 discrimen
558 2266 656 2338 atque
676 2264 800 2313 metum
821 2246 1075 2314 adduceremiui.
1090 2248 1208 2315 Nostra

141 2381 154 2406 ι
165 2366 272 2416 tamen
294 2350 496 2441 indulgentia
516 2365 703 2441 recuperata
719 2373 815 2439 pace,
828 2348 1012 2439 opibusque
1027 2348 1207 2415 multomm

141 2474 325 2516 «annorum
352 2452 522 2540 tranquilla
539 2452 742 2541 possessione
763 2450 886 2533 auctis,
909 2448 1019 2515 denuo
1033 2448 1209 2515 sustulistis

142 2553 312 2634 «animos,
334 2570 366 2618 et
384 2553 555 2617 observato
577 2551 780 2639 iniquissimo
802 2567 915 2617 nostro
937 2566 1102 2639 tempore,
1123 2550 1209 2615 inter

142 2653 287 2717 «italicos
313 2653 492 2729 tumultus,
514 2652 569 2717 alii
591 2651 725 2742 quidem
748 2651 884 2718 vocastis
899 2650 1208 2736 Mithridatem,slii

139 2755 336 2818 «accessistis
352 2755 505 2820 venienti.
523 2755 623 2840 Quod
636 2772 745 2820 nutem
764 2775 863 2821 omne
875 2752 1085 2821 immunitatis
1097 2775 1208 2819 exeru-

142 2856 256 2943 «plum
272 2854 533 2946 supergreditur,
549 2850 652 2922 Italos
661 2879 795 2940 omnes,
812 2878 880 2921 non
896 2878 1011 2933 serus,
1025 2877 1095 2922 uon
1107 2854 1209 2921 aetutis

143 2957 327 3039 «miserati,
343 2980 410 3022 una
424 2957 477 3023 die
489 2957 650 3025 trucidare
661 2950 857 3024 sustinuistis
867 2981 878 3041 ς
889 2980 931 3023 ne
942 2974 1127 3024 vestrorum
1141 2956 1211 3047 qui·

144 3090 157 3114 «ι
167 3058 243 3124 dem
260 3061 434 3126 numinum
451 3061 630 3127 reverentia
646 3060 813 3143 deterriti,
830 3060 911 3150 quin
929 3059 1007 3149 ipsis
1021 3058 1056 3125 iu
1069 3058 1210 3151 templo·

143 3183 240 3225 «rum
254 3160 358 3250 adytis
373 3163 534 3252 supplices
550 3186 665 3229 eorum
681 3160 881 3227 occideretis.

186 3263 254 3325 XL.
269 3293 283 3318 ι
293 3264 334 3327 Εῑ
346 3263 414 3328 baec
428 3264 548 3331 fecistis
561 3264 595 3329 in
612 3264 746 3355 gratiam
766 3261 835 3343 ejus
854 3260 1066 3344 Mithridatis,
1080 3262 1141 3351 qui
1153 3284 1211 3327 ros

144 3394 157 3417 ι
167 3361 285 3427 deinde
301 3364 460 3429 continuo
472 3364 616 3435 caedibus
627 3379 661 3431 et
671 3363 791 3453 rupinis
802 3361 966 3444 exhausit,
979 3384 1073 3453 agros
1086 3380 1212 3429 vestros

143 3460 294 3545 «divisit,
310 3463 513 3531 debitoribus
529 3466 644 3533 vestris
659 3488 702 3533 aes
713 3465 857 3530 alienum
870 3463 1010 3547 remisit,
1025 3465 1157 3531 servitia
1171 3466 1211 3531 ti-

141 3564 304 3648 «beraut,
324 3567 434 3633 multis
450 3582 605 3656 tyrannos
623 3565 796 3655 imposuit,
815 3588 930 3631 omnes
947 3564 1067 3648 objecit
1083 3565 1213 3656 predo·

140 3696 153 3718 «ι
165 3688 244 3728 num
265 3682 364 3754 atque
380 3667 556 3756 piratarum
570 3666 835 3751 incursionibus3
851 3683 890 3732 ut
904 3666 972 3748 jum
992 3665 1070 3732 inde
1086 3666 1212 3734 discere

142 3768 319 3853 «possetis,
340 3766 450 3855 quales
469 3768 565 3835 amici
584 3767 733 3857 qualibus
745 3783 853 3835 essent
863 3758 971 3833 restro
980 3766 1106 3849 jndicio
1120 3786 1213 3835 nutes

140 3870 270 3957 «positi.
284 3870 374 3934 Licet
389 3886 498 3937 autem
514 3872 636 3941 borum
654 3872 815 3942 malorum
833 3872 982 3959 suctores
1000 3869 1098 3935 etiarn
1114 3869 1212 3936 nobis

141 3971 409 4058 «quodammodo
429 3972 593 4065 dederunt
612 3996 742 4064 poenas3
764 3994 833 4039 uon
853 3968 927 4043 ideo
948 3992 1007 4037 vos
1029 3968 1212 4061 impunitus

140 4073 252 4137 «ubire
263 4075 310 4137 fas
329 4089 393 4154 est,
407 4074 465 4163 qui
478 4076 611 4145 scelesta
625 4073 871 4141 consulentibus
886 4088 953 4141 tam
966 4088 1120 4164 prompte
1135 4073 1211 4139 estis

140 4174 349 4261 subsequuti.
365 4175 408 4239 Et
425 4191 615 4267 oportuerat
627 4175 758 4264 quidem
774 4176 930 4265 equalem
944 4174 1068 4241 meritis
1080 4174 1211 4265 poenam

139 4275 282 4357 «statui;
305 4291 458 4339 cuterum
483 4276 560 4363 quia
580 4276 773 4365 promiscuas
796 4274 919 4358 eredes,
943 4293 980 4341 et·
1000 4276 1210 4345 servitiorum

139 4407 151 4429 κ
161 4375 413 4458 concitationes,
429 4393 461 4441 et
473 4376 538 4442 hoc
548 4399 653 4473 genus
662 4380 807 4473 exempla
817 4377 946 4452 herbosi
958 4377 1080 4463 moris,
1093 4404 1114 4445 a
1124 4402 1213 4447 meu·
