2670 5018
260 817 315 887 IN
346 816 460 887 LOC.
485 818 577 886 LIB.
604 816 733 886 CVIII
763 817 978 886 LIVIANI.
1074 813 1158 887 635

86 936 212 1004 insidiis
233 938 345 1004 lateret
366 937 489 1020 hostis,
510 938 655 1003 timebat.
679 937 854 1022 bellovaci,
872 938 937 1003 hoc
956 939 1158 1004 vaframento

87 1041 222 1128 impune
234 1039 385 1130 digressi,
402 1062 469 1103 non
485 1040 615 1130 longius
629 1039 705 1104 inde
724 1040 866 1104 millibus
882 1039 995 1107 decern
1009 1042 1159 1105 munitis·

87 1144 171 1207 simo
181 1144 254 1207 loco
269 1159 368 1206 castra
382 1158 573 1231 posuerunt.
585 1143 698 1225 Quum
709 1142 930 1230 subsequutus
942 1143 1046 1207 cesar
1056 1159 1159 1227 esset,

88 1246 189 1326 Galli,
207 1245 356 1308 locorum
374 1242 477 1324 adjuti
496 1244 626 1331 peritia,
645 1244 758 1308 crebra
775 1244 1022 1332 pabulatoribus
1040 1244 1160 1309 damna

87 1346 302 1411 inferebant:
327 1367 367 1409 eo
387 1367 539 1409 successu
565 1345 744 1409 animosior
767 1346 934 1421 Correus,
963 1343 1095 1410 delectis
1119 1368 1159 1410 ex

88 1449 181 1513 omni
206 1449 299 1536 copia
322 1470 378 1512 sex
401 1446 548 1536 peditum
573 1447 739 1529 millibus,
763 1469 838 1511 cum
861 1446 1026 1534 equitibus
1051 1447 1157 1529 mille,

88 1572 157 1637 quo
176 1548 249 1612 loco
271 1549 421 1612 futurum
440 1548 592 1636 putabat,
613 1563 652 1612 ut
669 1549 807 1613 Romani
824 1546 1047 1612 frumentandi
1063 1570 1158 1612 rausa

87 1651 293 1736 accederent,
307 1649 398 1740 quod
414 1652 523 1715 omnia
539 1652 622 1715 circa
635 1651 701 1732 jam
715 1650 842 1715 desecta
858 1665 968 1733 erant,
985 1650 1019 1713 in
1034 1649 1158 1714 insidiis

88 1752 245 1818 consedit.

133 1855 221 1919 XVI.
247 1856 389 1942 Campus
414 1869 484 1917 erat
505 1852 594 1917 haud
615 1854 753 1942 amplius
777 1852 865 1916 mille
888 1867 1001 1940 patens
1024 1874 1157 1940 passus,

88 1980 187 2045 quem
200 1955 452 2045 impeditissimae
463 1956 549 2020 silvae
559 1977 578 2037 a
589 1956 712 2019 caeteris
723 1954 889 2042 partibus,
902 1955 944 2017 ab
956 1976 1021 2018 una
1035 1951 1157 2018 flumen

87 2059 278 2123 altissimum
300 2057 460 2147 cingebat.
477 2055 540 2122 Sed
557 2079 576 2120 e
594 2057 720 2144 captivo
744 2054 888 2143 quodam
904 2055 1009 2118 cesar
1028 2056 1158 2143 cognita

87 2158 218 2241 fraude,
236 2160 458 2225 insidiatorem
477 2181 538 2224 suo
556 2175 629 2222 astu
643 2158 823 2246 petiturus,
838 2157 1038 2244 equitatum,
1054 2157 1157 2221 inter·

87 2263 192 2352 posita
209 2262 272 2326 levi
288 2277 466 2345 armatura,
480 2261 663 2350 praemittit3
679 2260 748 2348 ipse
765 2281 840 2323 cum
857 2258 1040 2347 legionibus
1059 2259 1157 2323 citato

87 2361 191 2453 pedu
213 2362 434 2451 subsequitur.
454 2362 519 2426 Ubi
539 2363 682 2452 primum
703 2361 737 2423 in
762 2382 878 2448 campo
897 2360 1063 2448 conspecti
1080 2376 1159 2424 sunt

88 2465 229 2552 equites,
247 2466 388 2529 Correus
406 2487 483 2528 oum
504 2464 615 2552 paucis
634 2484 827 2543 occurrens,
845 2461 988 2525 conserit
1003 2484 1156 2544 manum,

87 2564 205 2630 deinde
223 2567 347 2654 plures,
367 2581 532 2655 postremo
550 2562 675 2655 pedites
689 2586 729 2627 ex
741 2563 829 2628 silvis
845 2580 1032 2651 erumpunt.
1049 2565 1157 2652 Repu·

86 2683 189 2754 gnant
206 2666 378 2730 fortissime
399 2667 531 2731 Caesaris
555 2666 697 2782 equites,
720 2664 797 2729 levis
818 2680 987 2728 armaturae
1006 2666 1155 2756 presidio

86 2767 205 2848 adjuti3
223 2767 330 2833 donec
349 2768 469 2832 crebris
490 2767 614 2832 nuntiis
630 2767 692 2855 ipsi
712 2766 890 2854 hostesque
909 2766 1062 2830 certiores
1081 2767 1155 2831 faeti

87 2883 184 2949 sunt,
201 2870 360 2933 Caesarem
376 2892 453 2933 cum
469 2868 636 2933 instructis
651 2868 895 2961 legionibus
847 2866 969 2933 adesse.

131 2968 236 3034 xvlt.
258 2968 379 3034 Eadem
400 2992 451 3034 res
472 2986 505 3034 et
520 2971 744 3034 Romanorum
758 2970 865 3051 auxit,
883 2954 916 3033 et
929 2970 1074 3033 hostium
1091 2970 1156 3034 fre·

87 3070 134 3159 git
150 3070 295 3153 animos,
320 3087 352 3134 et
374 3072 494 3152 majore
517 3088 607 3160 parte
630 3094 766 3136 suorum
787 3072 921 3159 amissa,
947 3071 1129 3136 Bellovaci
1120 3094 1155 3134 rn

16 3180 21 3190 “
87 3169 198 3257 fugam
214 3190 249 3232 se
266 3169 475 3249 conjecerunt
492 3194 501 3235 ι
521 3170 577 3236 sed
598 3172 713 3236 irretiti
729 3171 852 3237 eisdem
869 3174 1018 3237 locorum
1035 3171 1156 3236 fraudi·

87 3271 168 3352 bus,
188 3292 269 3358 quas
290 3271 478 3335 inexitium
497 3273 721 3337 Romanorum
744 3270 947 3362 delegerant,
970 3272 1081 3359 paucis
1098 3292 1154 3335 ex·

86 3371 204 3459 ceptis,
221 3369 419 3436 ceciderunt
436 3372 511 3435 Dux
525 3395 639 3437 eorum
655 3375 814 3456 Correus,
828 3396 920 3461 aeque
931 3373 1042 3463 fugam
1057 3387 1155 3460 atque

86 3470 287 3536 deditionem
309 3487 437 3561 turpem
456 3486 562 3556 ratus,
587 3474 763 3539 fortissime
782 3475 917 3564 proeliari
940 3498 1006 3538 non
1025 3475 1154 3557 omisit,

85 3572 193 3638 donec
207 3575 382 3656 Romanos,
399 3575 456 3662 qui
470 3575 580 3640 virum
592 3598 707 3664 capere
723 3577 922 3658 maluissent,
939 3575 1154 3655 vulnerando,

87 3677 149 3741 tela
168 3676 204 3740 in
227 3699 262 3741 se
284 3675 443 3757 conjicere
463 3677 580 3767 coegit
603 3680 676 3743 lloc
699 3679 809 3767 praelio
837 3676 1050 3759 debellatum3
1076 3679 1155 3743 mis·

85 3777 179 3864 sique
203 3776 244 3842 ad
269 3779 426 3843 Gaesarem
447 3794 593 3844 oratores
613 3781 798 3862 civitatum,
822 3778 969 3861 obsides,
993 3802 1076 3868 quos
1100 3781 1155 3845 ille

86 3877 313 3965 imperaverat,
326 3878 543 3945 adduxerunt.
559 3881 682 3947 Pacatis
694 3882 849 3946 omnibus
862 3882 949 3964 aliis,
964 3883 1053 3946 solus
1066 3883 1156 3947 Atre-

85 3978 144 4042 bas
164 3979 295 4045 Comius
311 4005 399 4046 arma
421 3984 598 4064 retinebat,
616 3984 704 4049 nulla
725 3983 895 4050 resistendi
920 4007 994 4074 spe,
1017 3984 1074 4049 sed
1097 3984 1155 4049 de·

85 4080 269 4166 speratione
297 4084 430 4166 salutis,
457 4086 532 4172 quia
556 4086 680 4150 nemini
702 4109 738 4150 se
767 4088 989 4151 Romanorum
1012 4085 1154 4150 audebat

85 4196 299 4249 committere.

129 4278 252 4344 XVllI.
268 4280 351 4346 Nam
370 4285 538 4372 superiore
553 4309 641 4351 anno
654 4288 717 4353 sub
733 4289 841 4378 speeie
858 4290 1010 4377 colloquii
1029 4289 1151 4377 petitus

85 4378 227 4463 insidiis,
256 4400 389 4448 auctore
414 4386 580 4469 Labieno,
606 4391 741 4455 vulnere
764 4408 897 4481 accepto
918 4393 973 4455 vix
999 4407 1151 4456 evaserat.

86 4481 208 4563 Caesar,
222 4505 262 4547 eo
278 4485 364 4550 bello
380 4490 547 4574 confecto,
563 4492 598 4555 in
612 4490 693 4558 fines
707 4494 902 4559 Eburonum
919 4491 1151 4582 proficiscitur,

86 4600 207 4670 eosque
224 4584 445 4654 crudelissime
456 4588 618 4676 devastat,
634 4616 674 4659 eo
687 4594 839 4676 consilio,
855 4610 893 4659 ut
907 4593 1150 4684 Ambiorigem,
