<?xml version="1.0" encoding="UTF-8"?>
<!DOCTYPE html PUBLIC "-//W3C//DTD XHTML 1.0 Transitional//EN"
    "http://www.w3.org/TR/xhtml1/DTD/xhtml1-transitional.dtd">
<html xmlns="http://www.w3.org/1999/xhtml" xml:lang="en" lang="en">
 <head>
  <title>
</title>
<meta http-equiv="Content-Type" content="text/html;charset=utf-8" />
  <meta name='ocr-system' content='tesseract 3.04.00' />
  <meta name='ocr-capabilities' content='ocr_page ocr_carea ocr_par ocr_line ocrx_word'/>
</head>
<body>
  <div class='ocr_page' id='page_1' title='image "./titusliviuspata01freigoog_0106.png"; bbox 0 0 2670 5018; ppageno 0'>
   <div class='ocr_carea' id='block_1_1' title="bbox 106 769 1210 912">
    <p class='ocr_par' dir='ltr' id='par_1_1' title="bbox 106 769 1210 912">
     <span class='ocr_line' id='line_1_1' title="bbox 106 769 1210 912; baseline 0.004 -38"><span class='ocrx_word' id='word_1_1' title='bbox 106 808 173 874; x_wconf 78' lang='lat' dir='ltr'><strong>ro,</strong></span> <span class='ocrx_word' id='word_1_2' title='bbox 194 803 391 871; x_wconf 71' lang='lat' dir='ltr'><strong>anulus.</strong></span> <span class='ocrx_word' id='word_1_3' title='bbox 412 803 545 872; x_wconf 78' lang='lat' dir='ltr'><strong>surr.</strong></span> <span class='ocrx_word' id='word_1_4' title='bbox 562 803 616 872; x_wconf 82' lang='grc' dir='ltr'><strong>ΙΝ</strong></span> <span class='ocrx_word' id='word_1_5' title='bbox 636 807 748 873; x_wconf 82' lang='lat' dir='ltr'><strong>noc.</strong></span> <span class='ocrx_word' id='word_1_6' title='bbox 767 806 860 874; x_wconf 82' lang='lat' dir='ltr'><strong>mn.</strong></span> <span class='ocrx_word' id='word_1_7' title='bbox 879 809 1074 879; x_wconf 77' lang='lat' dir='ltr'><strong>Lxxxn.</strong></span> <span class='ocrx_word' id='word_1_8' title='bbox 1099 837 1145 912; x_wconf 80' lang='lat'><strong>97</strong></span> <span class='ocrx_word' id='word_1_9' title='bbox 1204 769 1210 781; x_wconf 77' lang='grc'>’</span> 
     </span>
    </p>
   </div>
   <div class='ocr_carea' id='block_1_2' title="bbox 72 924 1171 4269">
    <p class='ocr_par' dir='ltr' id='par_1_2' title="bbox 72 924 1149 1325">
     <span class='ocr_line' id='line_1_2' title="bbox 72 924 1148 1022; baseline 0.006 -29"><span class='ocrx_word' id='word_1_10' title='bbox 72 943 320 994; x_wconf 83' lang='lat' dir='ltr'><strong>commeatuum</strong></span> <span class='ocrx_word' id='word_1_11' title='bbox 342 924 453 1012; x_wconf 91' lang='lat' dir='ltr'><strong>inopia</strong></span> <span class='ocrx_word' id='word_1_12' title='bbox 473 942 661 1013; x_wconf 89' lang='lat' dir='ltr'><strong>premeret:</strong></span> <span class='ocrx_word' id='word_1_13' title='bbox 680 948 756 1014; x_wconf 82' lang='lat' dir='ltr'><strong>ager</strong></span> <span class='ocrx_word' id='word_1_14' title='bbox 776 926 864 990; x_wconf 86' lang='lat' dir='ltr'><strong>enim</strong></span> <span class='ocrx_word' id='word_1_15' title='bbox 887 929 1002 994; x_wconf 87' lang='lat' dir='ltr'><strong>atticus</strong></span> <span class='ocrx_word' id='word_1_16' title='bbox 1024 955 1066 996; x_wconf 88' lang='lat' dir='ltr'><strong>ne</strong></span> <span class='ocrx_word' id='word_1_17' title='bbox 1089 957 1148 1022; x_wconf 89' lang='lat' dir='ltr'><strong>per</strong></span> 
     </span>
     <span class='ocr_line' id='line_1_3' title="bbox 72 1026 1147 1121; baseline 0.007 -27"><span class='ocrx_word' id='word_1_18' title='bbox 72 1052 186 1121; x_wconf 87' lang='lat' dir='ltr'><strong>pacem</strong></span> <span class='ocrx_word' id='word_1_19' title='bbox 207 1026 343 1115; x_wconf 89' lang='lat' dir='ltr'><strong>quidem</strong></span> <span class='ocrx_word' id='word_1_20' title='bbox 360 1042 484 1088; x_wconf 87' lang='lat' dir='ltr'><strong>tantam</strong></span> <span class='ocrx_word' id='word_1_21' title='bbox 500 1026 585 1092; x_wconf 86' lang='lat' dir='ltr'><strong>alere</strong></span> <span class='ocrx_word' id='word_1_22' title='bbox 602 1026 846 1091; x_wconf 82' lang='lat' dir='ltr'><strong>multitudinem</strong></span> <span class='ocrx_word' id='word_1_23' title='bbox 862 1046 1012 1119; x_wconf 89' lang='lat' dir='ltr'><strong>poterat:</strong></span> <span class='ocrx_word' id='word_1_24' title='bbox 1029 1036 1147 1102; x_wconf 81' lang='lat' dir='ltr'><strong>subve-</strong></span> 
     </span>
     <span class='ocr_line' id='line_1_4' title="bbox 74 1129 1149 1223; baseline -0.008 -25"><span class='ocrx_word' id='word_1_25' title='bbox 74 1134 219 1199; x_wconf 84' lang='lat' dir='ltr'><strong>ctionem</strong></span> <span class='ocrx_word' id='word_1_26' title='bbox 234 1152 375 1194; x_wconf 87' lang='lat' dir='ltr'><strong>annonae</strong></span> <span class='ocrx_word' id='word_1_27' title='bbox 392 1129 461 1216; x_wconf 91' lang='lat' dir='ltr'><strong>ipse</strong></span> <span class='ocrx_word' id='word_1_28' title='bbox 473 1130 709 1210; x_wconf 86' lang='lat' dir='ltr'><strong>mari,Taxiles</strong></span> <span class='ocrx_word' id='word_1_29' title='bbox 728 1145 828 1210; x_wconf 86' lang='lat' dir='ltr'><strong>terra,</strong></span> <span class='ocrx_word' id='word_1_30' title='bbox 848 1131 936 1195; x_wconf 88' lang='lat' dir='ltr'><strong>haud</strong></span> <span class='ocrx_word' id='word_1_31' title='bbox 955 1156 1072 1223; x_wconf 82' lang='lat' dir='ltr'><strong>magno</strong></span> <span class='ocrx_word' id='word_1_32' title='bbox 1091 1162 1149 1203; x_wconf 91' lang='lat' dir='ltr'><strong>ne.</strong></span> 
     </span>
     <span class='ocr_line' id='line_1_5' title="bbox 75 1230 501 1325; baseline -0.012 -26"><span class='ocrx_word' id='word_1_33' title='bbox 75 1234 166 1325; x_wconf 78' lang='lat' dir='ltr'><strong>gotio</strong></span> <span class='ocrx_word' id='word_1_34' title='bbox 183 1247 276 1296; x_wconf 90' lang='lat' dir='ltr'><strong>erant</strong></span> <span class='ocrx_word' id='word_1_35' title='bbox 292 1230 501 1319; x_wconf 83' lang='lat' dir='ltr'><strong>prohibituri.</strong></span> 
     </span>
    </p>

    <p class='ocr_par' dir='ltr' id='par_1_3' title="bbox 77 1332 1171 2723">
     <span class='ocr_line' id='line_1_6' title="bbox 120 1332 1149 1426; baseline 0.004 -27"><span class='ocrx_word' id='word_1_36' title='bbox 120 1337 164 1399; x_wconf 92' lang='lat'><strong>11.</strong></span> <span class='ocrx_word' id='word_1_37' title='bbox 181 1333 364 1398; x_wconf 83' lang='lat' dir='ltr'><strong>Adversum</strong></span> <span class='ocrx_word' id='word_1_38' title='bbox 377 1333 447 1397; x_wconf 81' lang='lat' dir='ltr'><strong>haec</strong></span> <span class='ocrx_word' id='word_1_39' title='bbox 460 1332 589 1396; x_wconf 79' lang='lat' dir='ltr'><strong>ceratio</strong></span> <span class='ocrx_word' id='word_1_40' title='bbox 598 1333 692 1396; x_wconf 72' lang='lat' dir='ltr'><strong>Sullae</strong></span> <span class='ocrx_word' id='word_1_41' title='bbox 706 1348 788 1415; x_wconf 90' lang='lat' dir='ltr'><strong>erat,</strong></span> <span class='ocrx_word' id='word_1_42' title='bbox 800 1348 837 1396; x_wconf 90' lang='lat' dir='ltr'><strong>ut</strong></span> <span class='ocrx_word' id='word_1_43' title='bbox 850 1357 926 1397; x_wconf 91' lang='lat' dir='ltr'><strong>cum</strong></span> <span class='ocrx_word' id='word_1_44' title='bbox 937 1335 1030 1401; x_wconf 90' lang='lat' dir='ltr'><strong>hoste</strong></span> <span class='ocrx_word' id='word_1_45' title='bbox 1039 1341 1149 1426; x_wconf 87' lang='lat' dir='ltr'><strong>potius</strong></span> 
     </span>
     <span class='ocr_line' id='line_1_7' title="bbox 77 1433 1148 1524; baseline 0.006 -22"><span class='ocrx_word' id='word_1_46' title='bbox 77 1438 164 1517; x_wconf 87' lang='lat' dir='ltr'><strong>solo,</strong></span> <span class='ocrx_word' id='word_1_47' title='bbox 190 1460 289 1524; x_wconf 87' lang='lat' dir='ltr'><strong>quarn</strong></span> <span class='ocrx_word' id='word_1_48' title='bbox 314 1435 412 1498; x_wconf 90' lang='lat' dir='ltr'><strong>simul</strong></span> <span class='ocrx_word' id='word_1_49' title='bbox 433 1433 586 1498; x_wconf 87' lang='lat' dir='ltr'><strong>adversus</strong></span> <span class='ocrx_word' id='word_1_50' title='bbox 610 1435 739 1498; x_wconf 88' lang='lat' dir='ltr'><strong>hostem</strong></span> <span class='ocrx_word' id='word_1_51' title='bbox 763 1435 948 1522; x_wconf 88' lang='lat' dir='ltr'><strong>famemque</strong></span> <span class='ocrx_word' id='word_1_52' title='bbox 969 1437 1148 1509; x_wconf 82' lang='lat' dir='ltr'><strong>dimicaret.</strong></span> 
     </span>
     <span class='ocr_line' id='line_1_8' title="bbox 78 1534 1151 1625; baseline 0.002 -22"><span class='ocrx_word' id='word_1_53' title='bbox 78 1538 130 1604; x_wconf 89' lang='lat' dir='ltr'><strong>Ad</strong></span> <span class='ocrx_word' id='word_1_54' title='bbox 147 1539 214 1601; x_wconf 90' lang='lat' dir='ltr'><strong>hoc</strong></span> <span class='ocrx_word' id='word_1_55' title='bbox 230 1537 377 1625; x_wconf 90' lang='lat' dir='ltr'><strong>periculo</strong></span> <span class='ocrx_word' id='word_1_56' title='bbox 393 1536 429 1599; x_wconf 90' lang='lat' dir='ltr'><strong>L.</strong></span> <span class='ocrx_word' id='word_1_57' title='bbox 439 1534 606 1599; x_wconf 87' lang='lat' dir='ltr'><strong>Hortensii</strong></span> <span class='ocrx_word' id='word_1_58' title='bbox 627 1536 836 1616; x_wconf 78' lang='lat' dir='ltr'><strong>movebatur3</strong></span> <span class='ocrx_word' id='word_1_59' title='bbox 860 1547 960 1624; x_wconf 88' lang='lat' dir='ltr'><strong>quem</strong></span> <span class='ocrx_word' id='word_1_60' title='bbox 977 1562 1084 1619; x_wconf 76' lang='lat' dir='ltr'><strong>acrem</strong></span> <span class='ocrx_word' id='word_1_61' title='bbox 1101 1546 1151 1609; x_wconf 87' lang='lat' dir='ltr'><strong>vi-</strong></span> 
     </span>
     <span class='ocr_line' id='line_1_9' title="bbox 79 1639 1150 1729; baseline 0.007 -24"><span class='ocrx_word' id='word_1_62' title='bbox 79 1665 151 1705; x_wconf 91' lang='lat' dir='ltr'><strong>rum</strong></span> <span class='ocrx_word' id='word_1_63' title='bbox 172 1657 205 1704; x_wconf 91' lang='lat' dir='ltr'><strong>et</strong></span> <span class='ocrx_word' id='word_1_64' title='bbox 222 1640 383 1729; x_wconf 85' lang='lat' dir='ltr'><strong>propositi</strong></span> <span class='ocrx_word' id='word_1_65' title='bbox 402 1654 568 1722; x_wconf 85' lang='lat' dir='ltr'><strong>tenacem,</strong></span> <span class='ocrx_word' id='word_1_66' title='bbox 585 1661 661 1702; x_wconf 92' lang='lat' dir='ltr'><strong>cum</strong></span> <span class='ocrx_word' id='word_1_67' title='bbox 682 1639 783 1726; x_wconf 90' lang='lat' dir='ltr'><strong>copiis</strong></span> <span class='ocrx_word' id='word_1_68' title='bbox 807 1661 873 1701; x_wconf 94' lang='lat' dir='ltr'><strong>non</strong></span> <span class='ocrx_word' id='word_1_69' title='bbox 895 1640 1090 1727; x_wconf 88' lang='lat' dir='ltr'><strong>poenitendis</strong></span> <span class='ocrx_word' id='word_1_70' title='bbox 1109 1647 1150 1712; x_wconf 92' lang='lat' dir='ltr'><strong>ad</strong></span> 
     </span>
     <span class='ocr_line' id='line_1_10' title="bbox 79 1740 1150 1830; baseline 0.002 -21"><span class='ocrx_word' id='word_1_71' title='bbox 79 1768 113 1809; x_wconf 84' lang='lat' dir='ltr'><strong>se</strong></span> <span class='ocrx_word' id='word_1_72' title='bbox 129 1768 170 1808; x_wconf 84' lang='lat' dir='ltr'><strong>ex</strong></span> <span class='ocrx_word' id='word_1_73' title='bbox 186 1743 352 1807; x_wconf 86' lang='lat' dir='ltr'><strong>Thessalia</strong></span> <span class='ocrx_word' id='word_1_74' title='bbox 366 1764 516 1830; x_wconf 81' lang='lat' dir='ltr'><strong>pergere,</strong></span> <span class='ocrx_word' id='word_1_75' title='bbox 538 1740 649 1804; x_wconf 86' lang='lat' dir='ltr'><strong>hostes</strong></span> <span class='ocrx_word' id='word_1_76' title='bbox 666 1756 776 1804; x_wconf 88' lang='lat' dir='ltr'><strong>autern</strong></span> <span class='ocrx_word' id='word_1_77' title='bbox 791 1740 826 1804; x_wconf 91' lang='lat' dir='ltr'><strong>in</strong></span> <span class='ocrx_word' id='word_1_78' title='bbox 843 1741 1041 1808; x_wconf 84' lang='lat' dir='ltr'><strong>Thessaliam</strong></span> <span class='ocrx_word' id='word_1_79' title='bbox 1063 1747 1150 1812; x_wconf 89' lang='lat' dir='ltr'><strong>irru-</strong></span> 
     </span>
     <span class='ocr_line' id='line_1_11' title="bbox 80 1842 1150 1938; baseline 0.006 -29"><span class='ocrx_word' id='word_1_80' title='bbox 80 1847 164 1934; x_wconf 86' lang='lat' dir='ltr'><strong>pisse</strong></span> <span class='ocrx_word' id='word_1_81' title='bbox 183 1859 337 1926; x_wconf 76' lang='lat' dir='ltr'><strong>noverat5</strong></span> <span class='ocrx_word' id='word_1_82' title='bbox 356 1860 389 1907; x_wconf 89' lang='lat' dir='ltr'><strong>et</strong></span> <span class='ocrx_word' id='word_1_83' title='bbox 406 1843 469 1908; x_wconf 87' lang='lat' dir='ltr'><strong>nisi</strong></span> <span class='ocrx_word' id='word_1_84' title='bbox 486 1842 731 1923; x_wconf 88' lang='lat' dir='ltr'><strong>subveniretur,</strong></span> <span class='ocrx_word' id='word_1_85' title='bbox 752 1866 794 1905; x_wconf 93' lang='lat' dir='ltr'><strong>ne</strong></span> <span class='ocrx_word' id='word_1_86' title='bbox 813 1843 1015 1932; x_wconf 91' lang='lat' dir='ltr'><strong>ubicumque</strong></span> <span class='ocrx_word' id='word_1_87' title='bbox 1032 1846 1150 1938; x_wconf 91' lang='lat' dir='ltr'><strong>depre-</strong></span> 
     </span>
     <span class='ocr_line' id='line_1_12' title="bbox 80 1944 1152 2036; baseline 0.006 -25"><span class='ocrx_word' id='word_1_88' title='bbox 80 1949 200 2013; x_wconf 87' lang='lat' dir='ltr'><strong>hensus</strong></span> <span class='ocrx_word' id='word_1_89' title='bbox 227 1969 372 2036; x_wconf 81' lang='lat' dir='ltr'><strong>pugnam</strong></span> <span class='ocrx_word' id='word_1_90' title='bbox 396 1945 446 2008; x_wconf 87' lang='lat' dir='ltr'><strong>vel</strong></span> <span class='ocrx_word' id='word_1_91' title='bbox 474 1968 551 2009; x_wconf 89' lang='lat' dir='ltr'><strong>curn</strong></span> <span class='ocrx_word' id='word_1_92' title='bbox 577 1944 674 2008; x_wconf 86' lang='lat' dir='ltr'><strong>exitio</strong></span> <span class='ocrx_word' id='word_1_93' title='bbox 699 1959 859 2025; x_wconf 87' lang='lat' dir='ltr'><strong>sumeret,</strong></span> <span class='ocrx_word' id='word_1_94' title='bbox 886 1947 1062 2013; x_wconf 87' lang='lat' dir='ltr'><strong>metuebat.</strong></span> <span class='ocrx_word' id='word_1_95' title='bbox 1087 1951 1152 2017; x_wconf 87' lang='lat' dir='ltr'><strong>Sed</strong></span> 
     </span>
     <span class='ocr_line' id='line_1_13' title="bbox 81 2046 1153 2140; baseline 0 -26"><span class='ocrx_word' id='word_1_96' title='bbox 81 2049 296 2114; x_wconf 85' lang='lat' dir='ltr'><strong>Hortensium</strong></span> <span class='ocrx_word' id='word_1_97' title='bbox 315 2046 447 2135; x_wconf 90' lang='lat' dir='ltr'><strong>quidem</strong></span> <span class='ocrx_word' id='word_1_98' title='bbox 466 2047 585 2136; x_wconf 89' lang='lat' dir='ltr'><strong>Caphis</strong></span> <span class='ocrx_word' id='word_1_99' title='bbox 605 2047 747 2110; x_wconf 87' lang='lat' dir='ltr'><strong>Boeotius</strong></span> <span class='ocrx_word' id='word_1_100' title='bbox 764 2069 823 2134; x_wconf 89' lang='lat' dir='ltr'><strong>per</strong></span> <span class='ocrx_word' id='word_1_101' title='bbox 839 2047 950 2126; x_wconf 89' lang='lat' dir='ltr'><strong>aliam,</strong></span> <span class='ocrx_word' id='word_1_102' title='bbox 970 2070 1067 2134; x_wconf 87' lang='lat' dir='ltr'><strong>quarn</strong></span> <span class='ocrx_word' id='word_1_103' title='bbox 1087 2077 1153 2140; x_wconf 86' lang='lat' dir='ltr'><strong>qua</strong></span> 
     </span>
     <span class='ocr_line' id='line_1_14' title="bbox 80 2147 1153 2237; baseline 0.001 -22"><span class='ocrx_word' id='word_1_104' title='bbox 80 2167 255 2215; x_wconf 82' lang='lat' dir='ltr'><strong>venturum</strong></span> <span class='ocrx_word' id='word_1_105' title='bbox 271 2149 401 2213; x_wconf 86' lang='lat' dir='ltr'><strong>Barbari</strong></span> <span class='ocrx_word' id='word_1_106' title='bbox 414 2147 684 2237; x_wconf 87' lang='lat' dir='ltr'><strong>opperiebantur,</strong></span> <span class='ocrx_word' id='word_1_107' title='bbox 698 2148 784 2211; x_wconf 85' lang='lat' dir='ltr'><strong>viam</strong></span> <span class='ocrx_word' id='word_1_108' title='bbox 799 2147 1031 2232; x_wconf 88' lang='lat' dir='ltr'><strong>circumduxit,</strong></span> <span class='ocrx_word' id='word_1_109' title='bbox 1047 2152 1153 2219; x_wconf 89' lang='lat' dir='ltr'><strong>donec</strong></span> 
     </span>
     <span class='ocr_line' id='line_1_15' title="bbox 82 2248 1153 2339; baseline 0.007 -24"><span class='ocrx_word' id='word_1_110' title='bbox 82 2268 235 2339; x_wconf 86' lang='lat' dir='ltr'><strong>superato</strong></span> <span class='ocrx_word' id='word_1_111' title='bbox 251 2251 401 2314; x_wconf 86' lang='lat' dir='ltr'><strong>Parnassi</strong></span> <span class='ocrx_word' id='word_1_112' title='bbox 419 2249 534 2330; x_wconf 89' lang='lat' dir='ltr'><strong>dorso,</strong></span> <span class='ocrx_word' id='word_1_113' title='bbox 553 2249 660 2312; x_wconf 90' lang='lat' dir='ltr'><strong>tenuit</strong></span> <span class='ocrx_word' id='word_1_114' title='bbox 675 2248 863 2312; x_wconf 85' lang='lat' dir='ltr'><strong>Tithoream</strong></span> <span class='ocrx_word' id='word_1_115' title='bbox 884 2272 891 2312; x_wconf 96' lang='lat'><strong>:</strong></span> <span class='ocrx_word' id='word_1_116' title='bbox 914 2252 1153 2322; x_wconf 81' lang='lat' dir='ltr'><strong>munitissimus</strong></span> 
     </span>
     <span class='ocr_line' id='line_1_16' title="bbox 84 2350 1171 2439; baseline 0.003 -22"><span class='ocrx_word' id='word_1_117' title='bbox 84 2371 197 2417; x_wconf 86' lang='lat' dir='ltr'><strong>natura</strong></span> <span class='ocrx_word' id='word_1_118' title='bbox 223 2354 315 2417; x_wconf 90' lang='lat' dir='ltr'><strong>locus</strong></span> <span class='ocrx_word' id='word_1_119' title='bbox 336 2368 403 2434; x_wconf 90' lang='lat' dir='ltr'><strong>est,</strong></span> <span class='ocrx_word' id='word_1_120' title='bbox 429 2352 494 2415; x_wconf 87' lang='lat' dir='ltr'><strong>alto</strong></span> <span class='ocrx_word' id='word_1_121' title='bbox 520 2351 643 2415; x_wconf 92' lang='lat' dir='ltr'><strong>circum</strong></span> <span class='ocrx_word' id='word_1_122' title='bbox 670 2366 702 2414; x_wconf 91' lang='lat' dir='ltr'><strong>et</strong></span> <span class='ocrx_word' id='word_1_123' title='bbox 726 2350 881 2438; x_wconf 82' lang='lat' dir='ltr'><strong>praecipiti</strong></span> <span class='ocrx_word' id='word_1_124' title='bbox 907 2352 1040 2439; x_wconf 91' lang='lat' dir='ltr'><strong>rupium</strong></span> <span class='ocrx_word' id='word_1_125' title='bbox 1065 2357 1171 2420; x_wconf 79' lang='lat' dir='ltr'><strong>velut·</strong></span> 
     </span>
     <span class='ocr_line' id='line_1_17' title="bbox 82 2451 1152 2540; baseline 0.005 -22"><span class='ocrx_word' id='word_1_126' title='bbox 82 2455 161 2518; x_wconf 84' lang='lat' dir='ltr'><strong>vallo</strong></span> <span class='ocrx_word' id='word_1_127' title='bbox 176 2453 368 2534; x_wconf 89' lang='lat' dir='ltr'><strong>claudentc;</strong></span> <span class='ocrx_word' id='word_1_128' title='bbox 385 2453 439 2517; x_wconf 91' lang='lat' dir='ltr'><strong>cui</strong></span> <span class='ocrx_word' id='word_1_129' title='bbox 454 2451 620 2540; x_wconf 87' lang='lat' dir='ltr'><strong>quondam</strong></span> <span class='ocrx_word' id='word_1_130' title='bbox 635 2451 855 2517; x_wconf 90' lang='lat' dir='ltr'><strong>Phocensium</strong></span> <span class='ocrx_word' id='word_1_131' title='bbox 867 2475 956 2539; x_wconf 87' lang='lat' dir='ltr'><strong>pars,</strong></span> <span class='ocrx_word' id='word_1_132' title='bbox 970 2455 1152 2523; x_wconf 89' lang='lat' dir='ltr'><strong>inundante</strong></span> 
     </span>
     <span class='ocr_line' id='line_1_18' title="bbox 84 2553 1153 2640; baseline 0.003 -19"><span class='ocrx_word' id='word_1_133' title='bbox 84 2556 237 2621; x_wconf 77' lang='lat' dir='ltr'><strong>Graeciam</strong></span> <span class='ocrx_word' id='word_1_134' title='bbox 249 2556 366 2620; x_wconf 81' lang='lat' dir='ltr'><strong>Xerxis</strong></span> <span class='ocrx_word' id='word_1_135' title='bbox 379 2555 537 2636; x_wconf 82' lang='lat' dir='ltr'><strong>exercitu,</strong></span> <span class='ocrx_word' id='word_1_136' title='bbox 550 2554 686 2618; x_wconf 88' lang='lat' dir='ltr'><strong>salutem</strong></span> <span class='ocrx_word' id='word_1_137' title='bbox 700 2569 797 2640; x_wconf 90' lang='lat' dir='ltr'><strong>atque</strong></span> <span class='ocrx_word' id='word_1_138' title='bbox 809 2553 989 2619; x_wconf 87' lang='lat' dir='ltr'><strong>libertatem</strong></span> <span class='ocrx_word' id='word_1_139' title='bbox 1003 2554 1153 2624; x_wconf 85' lang='lat' dir='ltr'><strong>debuisse</strong></span> 
     </span>
     <span class='ocr_line' id='line_1_19' title="bbox 83 2656 210 2723; baseline 0.008 -2"><span class='ocrx_word' id='word_1_140' title='bbox 83 2656 210 2723; x_wconf 87' lang='lat' dir='ltr'><strong>dicitur.</strong></span> 
     </span>
    </p>

    <p class='ocr_par' dir='ltr' id='par_1_4' title="bbox 84 2757 1155 3660">
     <span class='ocr_line' id='line_1_20' title="bbox 122 2757 1152 2847; baseline 0.003 -22"><span class='ocrx_word' id='word_1_141' title='bbox 122 2762 183 2825; x_wconf 91' lang='lat'><strong>111.</strong></span> <span class='ocrx_word' id='word_1_142' title='bbox 208 2761 283 2824; x_wconf 91' lang='lat' dir='ltr'><strong>Huc</strong></span> <span class='ocrx_word' id='word_1_143' title='bbox 306 2760 364 2823; x_wconf 89' lang='lat' dir='ltr'><strong>ubi</strong></span> <span class='ocrx_word' id='word_1_144' title='bbox 389 2759 535 2847; x_wconf 80' lang='lat' dir='ltr'><strong>longiore</strong></span> <span class='ocrx_word' id='word_1_145' title='bbox 558 2758 610 2820; x_wconf 85' lang='lat' dir='ltr'><strong>via</strong></span> <span class='ocrx_word' id='word_1_146' title='bbox 634 2758 765 2844; x_wconf 87' lang='lat' dir='ltr'><strong>sequuti</strong></span> <span class='ocrx_word' id='word_1_147' title='bbox 790 2757 900 2821; x_wconf 91' lang='lat' dir='ltr'><strong>hostes</strong></span> <span class='ocrx_word' id='word_1_148' title='bbox 922 2778 1152 2847; x_wconf 87' lang='lat' dir='ltr'><strong>penetramnt,</strong></span> 
     </span>
     <span class='ocr_line' id='line_1_21' title="bbox 84 2858 1153 2952; baseline 0.004 -26"><span class='ocrx_word' id='word_1_149' title='bbox 84 2862 277 2926; x_wconf 85' lang='lat' dir='ltr'><strong>Hortensius</strong></span> <span class='ocrx_word' id='word_1_150' title='bbox 288 2876 358 2925; x_wconf 84' lang='lat' dir='ltr'><strong>toto</strong></span> <span class='ocrx_word' id='word_1_151' title='bbox 367 2860 420 2924; x_wconf 89' lang='lat' dir='ltr'><strong>dic</strong></span> <span class='ocrx_word' id='word_1_152' title='bbox 434 2861 591 2948; x_wconf 90' lang='lat' dir='ltr'><strong>impetum</strong></span> <span class='ocrx_word' id='word_1_153' title='bbox 602 2880 717 2922; x_wconf 89' lang='lat' dir='ltr'><strong>eorum</strong></span> <span class='ocrx_word' id='word_1_154' title='bbox 728 2858 818 2922; x_wconf 86' lang='lat' dir='ltr'><strong>haud</strong></span> <span class='ocrx_word' id='word_1_155' title='bbox 832 2858 1007 2925; x_wconf 88' lang='lat' dir='ltr'><strong>difficulter</strong></span> <span class='ocrx_word' id='word_1_156' title='bbox 1015 2866 1153 2952; x_wconf 81' lang='lat' dir='ltr'><strong>repulit3</strong></span> 
     </span>
     <span class='ocr_line' id='line_1_22' title="bbox 85 2961 1155 3057; baseline 0.001 -29"><span class='ocrx_word' id='word_1_157' title='bbox 85 2981 184 3028; x_wconf 90' lang='lat' dir='ltr'><strong>noctu</strong></span> <span class='ocrx_word' id='word_1_158' title='bbox 201 2961 321 3027; x_wconf 87' lang='lat' dir='ltr'><strong>deinde</strong></span> <span class='ocrx_word' id='word_1_159' title='bbox 343 2963 441 3025; x_wconf 90' lang='lat' dir='ltr'><strong>tacito</strong></span> <span class='ocrx_word' id='word_1_160' title='bbox 459 2961 588 3049; x_wconf 86' lang='lat' dir='ltr'><strong>agmine</strong></span> <span class='ocrx_word' id='word_1_161' title='bbox 611 2961 776 3048; x_wconf 85' lang='lat' dir='ltr'><strong>profectus</strong></span> <span class='ocrx_word' id='word_1_162' title='bbox 797 2983 856 3048; x_wconf 87' lang='lat' dir='ltr'><strong>per</strong></span> <span class='ocrx_word' id='word_1_163' title='bbox 874 2962 943 3026; x_wconf 90' lang='lat' dir='ltr'><strong>loca</strong></span> <span class='ocrx_word' id='word_1_164' title='bbox 963 2966 1155 3057; x_wconf 79' lang='lat' dir='ltr'><strong>confragosa</strong></span> 
     </span>
     <span class='ocr_line' id='line_1_23' title="bbox 85 3062 1154 3156; baseline 0.006 -27"><span class='ocrx_word' id='word_1_165' title='bbox 85 3065 231 3154; x_wconf 85' lang='lat' dir='ltr'><strong>pervenit</strong></span> <span class='ocrx_word' id='word_1_166' title='bbox 251 3063 478 3144; x_wconf 87' lang='lat' dir='ltr'><strong>Patronidem‚</strong></span> <span class='ocrx_word' id='word_1_167' title='bbox 499 3063 611 3149; x_wconf 89' lang='lat' dir='ltr'><strong>ibique</strong></span> <span class='ocrx_word' id='word_1_168' title='bbox 629 3062 670 3126; x_wconf 88' lang='lat' dir='ltr'><strong>ab</strong></span> <span class='ocrx_word' id='word_1_169' title='bbox 687 3078 878 3126; x_wconf 86' lang='lat' dir='ltr'><strong>occurrente</strong></span> <span class='ocrx_word' id='word_1_170' title='bbox 900 3064 987 3128; x_wconf 84' lang='lat' dir='ltr'><strong>Sulla</strong></span> <span class='ocrx_word' id='word_1_171' title='bbox 1003 3086 1154 3156; x_wconf 89' lang='lat' dir='ltr'><strong>receptus</strong></span> 
     </span>
     <span class='ocr_line' id='line_1_24' title="bbox 85 3163 1154 3258; baseline 0.005 -28"><span class='ocrx_word' id='word_1_172' title='bbox 85 3183 140 3231; x_wconf 87' lang='lat' dir='ltr'><strong>est.</strong></span> <span class='ocrx_word' id='word_1_173' title='bbox 159 3167 233 3230; x_wconf 91' lang='lat' dir='ltr'><strong>Hoc</strong></span> <span class='ocrx_word' id='word_1_174' title='bbox 249 3165 402 3246; x_wconf 88' lang='lat' dir='ltr'><strong>adjuncto</strong></span> <span class='ocrx_word' id='word_1_175' title='bbox 420 3163 540 3243; x_wconf 87' lang='lat' dir='ltr'><strong>milite,</strong></span> <span class='ocrx_word' id='word_1_176' title='bbox 556 3185 626 3225; x_wconf 91' lang='lat' dir='ltr'><strong>non</strong></span> <span class='ocrx_word' id='word_1_177' title='bbox 644 3163 729 3226; x_wconf 85' lang='lat' dir='ltr'><strong>ultra</strong></span> <span class='ocrx_word' id='word_1_178' title='bbox 743 3163 830 3227; x_wconf 91' lang='lat' dir='ltr'><strong>mille</strong></span> <span class='ocrx_word' id='word_1_179' title='bbox 845 3165 1041 3254; x_wconf 84' lang='lat' dir='ltr'><strong>quingentos</strong></span> <span class='ocrx_word' id='word_1_180' title='bbox 1059 3173 1154 3258; x_wconf 91' lang='lat' dir='ltr'><strong>equi·</strong></span> 
     </span>
     <span class='ocr_line' id='line_1_25' title="bbox 85 3262 1152 3356; baseline 0.005 -24"><span class='ocrx_word' id='word_1_181' title='bbox 85 3284 149 3349; x_wconf 86' lang='lat' dir='ltr'><strong>tes,</strong></span> <span class='ocrx_word' id='word_1_182' title='bbox 172 3266 321 3356; x_wconf 89' lang='lat' dir='ltr'><strong>peditum</strong></span> <span class='ocrx_word' id='word_1_183' title='bbox 339 3265 437 3328; x_wconf 89' lang='lat' dir='ltr'><strong>millia</strong></span> <span class='ocrx_word' id='word_1_184' title='bbox 458 3262 647 3351; x_wconf 89' lang='lat' dir='ltr'><strong>quindecim</strong></span> <span class='ocrx_word' id='word_1_185' title='bbox 671 3286 811 3326; x_wconf 83' lang='lat' dir='ltr'><strong>romanae</strong></span> <span class='ocrx_word' id='word_1_186' title='bbox 830 3266 930 3352; x_wconf 83' lang='lat' dir='ltr'><strong>copiae</strong></span> <span class='ocrx_word' id='word_1_187' title='bbox 950 3266 1152 3337; x_wconf 87' lang='lat' dir='ltr'><strong>efficiebant:</strong></span> 
     </span>
     <span class='ocr_line' id='line_1_26' title="bbox 84 3365 1154 3452; baseline 0.003 -18"><span class='ocrx_word' id='word_1_188' title='bbox 84 3392 216 3434; x_wconf 80' lang='lat' dir='ltr'><strong>accensa</strong></span> <span class='ocrx_word' id='word_1_189' title='bbox 233 3367 351 3432; x_wconf 89' lang='lat' dir='ltr'><strong>deinde</strong></span> <span class='ocrx_word' id='word_1_190' title='bbox 372 3368 580 3447; x_wconf 77' lang='lat' dir='ltr'><strong>Graecorum,</strong></span> <span class='ocrx_word' id='word_1_191' title='bbox 598 3365 655 3452; x_wconf 91' lang='lat' dir='ltr'><strong>qui</strong></span> <span class='ocrx_word' id='word_1_192' title='bbox 671 3387 776 3452; x_wconf 89' lang='lat' dir='ltr'><strong>nuper</strong></span> <span class='ocrx_word' id='word_1_193' title='bbox 794 3365 835 3427; x_wconf 90' lang='lat' dir='ltr'><strong>ab</strong></span> <span class='ocrx_word' id='word_1_194' title='bbox 852 3367 1008 3432; x_wconf 82' lang='lat' dir='ltr'><strong>Archelao</strong></span> <span class='ocrx_word' id='word_1_195' title='bbox 1026 3368 1154 3437; x_wconf 86' lang='lat' dir='ltr'><strong>defece·</strong></span> 
     </span>
     <span class='ocr_line' id='line_1_27' title="bbox 86 3467 1153 3556; baseline 0.005 -22"><span class='ocrx_word' id='word_1_196' title='bbox 86 3487 172 3551; x_wconf 88' lang='lat' dir='ltr'><strong>rant,</strong></span> <span class='ocrx_word' id='word_1_197' title='bbox 187 3469 321 3550; x_wconf 78' lang='lat' dir='ltr'><strong>auxilia,</strong></span> <span class='ocrx_word' id='word_1_198' title='bbox 336 3469 380 3531; x_wconf 88' lang='lat' dir='ltr'><strong>ita</strong></span> <span class='ocrx_word' id='word_1_199' title='bbox 392 3467 556 3556; x_wconf 85' lang='lat' dir='ltr'><strong>augebant</strong></span> <span class='ocrx_word' id='word_1_200' title='bbox 568 3489 762 3546; x_wconf 90' lang='lat' dir='ltr'><strong>numerum,</strong></span> <span class='ocrx_word' id='word_1_201' title='bbox 774 3482 812 3529; x_wconf 92' lang='lat' dir='ltr'><strong>ut</strong></span> <span class='ocrx_word' id='word_1_202' title='bbox 825 3483 933 3530; x_wconf 89' lang='lat' dir='ltr'><strong>tamen</strong></span> <span class='ocrx_word' id='word_1_203' title='bbox 949 3492 991 3533; x_wconf 89' lang='lat' dir='ltr'><strong>ne</strong></span> <span class='ocrx_word' id='word_1_204' title='bbox 1003 3472 1153 3538; x_wconf 88' lang='lat' dir='ltr'><strong>trientem</strong></span> 
     </span>
     <span class='ocr_line' id='line_1_28' title="bbox 87 3568 759 3660; baseline -0.007 -24"><span class='ocrx_word' id='word_1_205' title='bbox 87 3572 218 3660; x_wconf 86' lang='lat' dir='ltr'><strong>quidem</strong></span> <span class='ocrx_word' id='word_1_206' title='bbox 236 3571 361 3635; x_wconf 87' lang='lat' dir='ltr'><strong>hostilis</strong></span> <span class='ocrx_word' id='word_1_207' title='bbox 374 3568 594 3633; x_wconf 89' lang='lat' dir='ltr'><strong>multitudinis</strong></span> <span class='ocrx_word' id='word_1_208' title='bbox 607 3585 759 3655; x_wconf 88' lang='lat' dir='ltr'><strong>aequaret.</strong></span> 
     </span>
    </p>

    <p class='ocr_par' dir='ltr' id='par_1_5' title="bbox 87 3670 1156 4269">
     <span class='ocr_line' id='line_1_29' title="bbox 129 3670 1154 3762; baseline 0.002 -24"><span class='ocrx_word' id='word_1_209' title='bbox 129 3676 186 3738; x_wconf 86' lang='lat' dir='ltr'><strong>IV.</strong></span> <span class='ocrx_word' id='word_1_210' title='bbox 208 3673 314 3762; x_wconf 79' lang='lat' dir='ltr'><strong>Igitur</strong></span> <span class='ocrx_word' id='word_1_211' title='bbox 336 3672 532 3737; x_wconf 81' lang='lat' dir='ltr'><strong>Archelaum</strong></span> <span class='ocrx_word' id='word_1_212' title='bbox 554 3670 649 3758; x_wconf 89' lang='lat' dir='ltr'><strong>(nam</strong></span> <span class='ocrx_word' id='word_1_213' title='bbox 674 3687 706 3734; x_wconf 93' lang='lat' dir='ltr'><strong>et</strong></span> <span class='ocrx_word' id='word_1_214' title='bbox 728 3670 783 3733; x_wconf 91' lang='lat' dir='ltr'><strong>hic</strong></span> <span class='ocrx_word' id='word_1_215' title='bbox 806 3671 928 3733; x_wconf 87' lang='lat' dir='ltr'><strong>accitus</strong></span> <span class='ocrx_word' id='word_1_216' title='bbox 946 3694 964 3733; x_wconf 90' lang='lat' dir='ltr'><strong>a</strong></span> <span class='ocrx_word' id='word_1_217' title='bbox 985 3672 1095 3739; x_wconf 85' lang='lat' dir='ltr'><strong>Taxile</strong></span> <span class='ocrx_word' id='word_1_218' title='bbox 1119 3677 1154 3740; x_wconf 90' lang='lat' dir='ltr'><strong>in</strong></span> 
     </span>
     <span class='ocr_line' id='line_1_30' title="bbox 87 3770 1156 3860; baseline 0.003 -21"><span class='ocrx_word' id='word_1_219' title='bbox 87 3775 284 3839; x_wconf 82' lang='lat' dir='ltr'><strong>Thessaliam</strong></span> <span class='ocrx_word' id='word_1_220' title='bbox 293 3772 493 3860; x_wconf 86' lang='lat' dir='ltr'><strong>accurrerat)</strong></span> <span class='ocrx_word' id='word_1_221' title='bbox 505 3773 611 3836; x_wconf 83' lang='lat' dir='ltr'><strong>caeteri</strong></span> <span class='ocrx_word' id='word_1_222' title='bbox 620 3770 720 3835; x_wconf 90' lang='lat' dir='ltr'><strong>duces</strong></span> <span class='ocrx_word' id='word_1_223' title='bbox 730 3771 771 3835; x_wconf 91' lang='lat' dir='ltr'><strong>ad</strong></span> <span class='ocrx_word' id='word_1_224' title='bbox 784 3771 884 3858; x_wconf 74' lang='lat' dir='ltr'><strong>praelii</strong></span> <span class='ocrx_word' id='word_1_225' title='bbox 896 3773 1082 3839; x_wconf 89' lang='lat' dir='ltr'><strong>tentandam</strong></span> <span class='ocrx_word' id='word_1_226' title='bbox 1095 3778 1156 3842; x_wconf 71' lang='lat' dir='ltr'><strong>lon</strong></span> 
     </span>
     <span class='ocr_line' id='line_1_31' title="bbox 87 3872 1155 3955; baseline 0.005 -16"><span class='ocrx_word' id='word_1_227' title='bbox 87 3892 198 3939; x_wconf 88' lang='lat' dir='ltr'><strong>tunam</strong></span> <span class='ocrx_word' id='word_1_228' title='bbox 217 3874 440 3938; x_wconf 89' lang='lat' dir='ltr'><strong>indesinenter</strong></span> <span class='ocrx_word' id='word_1_229' title='bbox 457 3874 689 3955; x_wconf 86' lang='lat' dir='ltr'><strong>hortabantur,</strong></span> <span class='ocrx_word' id='word_1_230' title='bbox 706 3872 813 3937; x_wconf 92' lang='lat' dir='ltr'><strong>donec</strong></span> <span class='ocrx_word' id='word_1_231' title='bbox 829 3895 991 3938; x_wconf 88' lang='lat' dir='ltr'><strong>consensu</strong></span> <span class='ocrx_word' id='word_1_232' title='bbox 1004 3879 1155 3945; x_wconf 89' lang='lat' dir='ltr'><strong>omnium</strong></span> 
     </span>
     <span class='ocr_line' id='line_1_32' title="bbox 87 3974 1153 4063; baseline 0.004 -22"><span class='ocrx_word' id='word_1_233' title='bbox 87 3979 206 4060; x_wconf 78' lang='lat' dir='ltr'><strong>victus,</strong></span> <span class='ocrx_word' id='word_1_234' title='bbox 221 4000 297 4041; x_wconf 88' lang='lat' dir='ltr'><strong>nam</strong></span> <span class='ocrx_word' id='word_1_235' title='bbox 312 3977 439 4041; x_wconf 89' lang='lat' dir='ltr'><strong>trahere</strong></span> <span class='ocrx_word' id='word_1_236' title='bbox 448 3977 571 4040; x_wconf 91' lang='lat' dir='ltr'><strong>bellum</strong></span> <span class='ocrx_word' id='word_1_237' title='bbox 580 3975 669 4039; x_wconf 90' lang='lat' dir='ltr'><strong>haud</strong></span> <span class='ocrx_word' id='word_1_238' title='bbox 683 3974 826 4040; x_wconf 86' lang='lat' dir='ltr'><strong>absurdo</strong></span> <span class='ocrx_word' id='word_1_239' title='bbox 840 3977 974 4041; x_wconf 91' lang='lat' dir='ltr'><strong>consilio</strong></span> <span class='ocrx_word' id='word_1_240' title='bbox 987 3995 1153 4063; x_wconf 88' lang='lat' dir='ltr'><strong>statuerat,</strong></span> 
     </span>
     <span class='ocr_line' id='line_1_33' title="bbox 87 4075 1155 4168; baseline 0.006 -27"><span class='ocrx_word' id='word_1_241' title='bbox 87 4079 119 4143; x_wconf 92' lang='lat' dir='ltr'><strong>in</strong></span> <span class='ocrx_word' id='word_1_242' title='bbox 139 4080 241 4144; x_wconf 90' lang='lat' dir='ltr'><strong>aciem</strong></span> <span class='ocrx_word' id='word_1_243' title='bbox 260 4102 338 4143; x_wconf 88' lang='lat' dir='ltr'><strong>suos</strong></span> <span class='ocrx_word' id='word_1_244' title='bbox 359 4077 480 4142; x_wconf 86' lang='lat' dir='ltr'><strong>eduxit.</strong></span> <span class='ocrx_word' id='word_1_245' title='bbox 503 4078 620 4141; x_wconf 81' lang='lat' dir='ltr'><strong>Praeter</strong></span> <span class='ocrx_word' id='word_1_246' title='bbox 639 4094 786 4141; x_wconf 85' lang='lat' dir='ltr'><strong>veterum</strong></span> <span class='ocrx_word' id='word_1_247' title='bbox 804 4075 970 4163; x_wconf 89' lang='lat' dir='ltr'><strong>copiarum</strong></span> <span class='ocrx_word' id='word_1_248' title='bbox 988 4079 1155 4168; x_wconf 89' lang='lat' dir='ltr'><strong>reliquias,</strong></span> 
     </span>
     <span class='ocr_line' id='line_1_34' title="bbox 88 4178 1156 4269; baseline 0.006 -26"><span class='ocrx_word' id='word_1_249' title='bbox 88 4199 118 4244; x_wconf 90' lang='lat' dir='ltr'><strong>et</strong></span> <span class='ocrx_word' id='word_1_250' title='bbox 133 4205 206 4269; x_wconf 83' lang='lat' dir='ltr'><strong>quae</strong></span> <span class='ocrx_word' id='word_1_251' title='bbox 222 4198 335 4269; x_wconf 90' lang='lat' dir='ltr'><strong>postea</strong></span> <span class='ocrx_word' id='word_1_252' title='bbox 345 4180 572 4244; x_wconf 78' lang='lat' dir='ltr'><strong>Dromichaetis</strong></span> <span class='ocrx_word' id='word_1_253' title='bbox 583 4178 685 4244; x_wconf 91' lang='lat' dir='ltr'><strong>ductu</strong></span> <span class='ocrx_word' id='word_1_254' title='bbox 696 4193 869 4258; x_wconf 88' lang='lat' dir='ltr'><strong>venerant,</strong></span> <span class='ocrx_word' id='word_1_255' title='bbox 886 4178 984 4242; x_wconf 89' lang='lat' dir='ltr'><strong>etiam</strong></span> <span class='ocrx_word' id='word_1_256' title='bbox 999 4184 1156 4249; x_wconf 83' lang='lat' dir='ltr'><strong>Arcathiae</strong></span> 
     </span>
    </p>
   </div>
   <div class='ocr_carea' id='block_1_3' title="bbox 87 4405 1158 4626">
    <p class='ocr_par' dir='ltr' id='par_1_6' title="bbox 87 4405 1158 4626">
     <span class='ocr_line' id='line_1_35' title="bbox 120 4405 1158 4474; baseline -0.002 -18"><span class='ocrx_word' id='word_1_257' title='bbox 120 4408 136 4474; x_wconf 86' lang='lat'>§</span> <span class='ocrx_word' id='word_1_258' title='bbox 156 4411 176 4456; x_wconf 82' lang='grc' dir='ltr'><strong>Ι.</strong></span> <span class='ocrx_word' id='word_1_259' title='bbox 198 4406 324 4456; x_wconf 78' lang='lat' dir='ltr'><strong>Plutarch.</strong></span> <span class='ocrx_word' id='word_1_260' title='bbox 339 4433 374 4443; x_wconf 89' lang='lat'><em>-</em></span> <span class='ocrx_word' id='word_1_261' title='bbox 390 4406 406 4472; x_wconf 73' lang='lat' dir='ltr'><em>s</em></span> <span class='ocrx_word' id='word_1_262' title='bbox 424 4409 458 4456; x_wconf 90' lang='lat'><strong>11.</strong></span> <span class='ocrx_word' id='word_1_263' title='bbox 476 4407 605 4455; x_wconf 83' lang='lat' dir='ltr'><strong>Memnon.</strong></span> <span class='ocrx_word' id='word_1_264' title='bbox 624 4434 659 4444; x_wconf 90' lang='lat'>—</span> <span class='ocrx_word' id='word_1_265' title='bbox 679 4407 728 4454; x_wconf 90' lang='lat' dir='ltr'><strong>Dio</strong></span> <span class='ocrx_word' id='word_1_266' title='bbox 747 4405 814 4469; x_wconf 76' lang='lat' dir='ltr'><strong>apud</strong></span> <span class='ocrx_word' id='word_1_267' title='bbox 830 4405 912 4452; x_wconf 73' lang='lat' dir='ltr'><strong>Valet.</strong></span> <span class='ocrx_word' id='word_1_268' title='bbox 929 4431 964 4441; x_wconf 84' lang='lat'>—</span> <span class='ocrx_word' id='word_1_269' title='bbox 982 4405 1104 4454; x_wconf 81' lang='lat' dir='ltr'><strong>Plutarch.</strong></span> <span class='ocrx_word' id='word_1_270' title='bbox 1122 4436 1158 4447; x_wconf 95' lang='lat'>-</span> 
     </span>
     <span class='ocr_line' id='line_1_36' title="bbox 90 4486 1157 4559; baseline -0.001 -19"><span class='ocrx_word' id='word_1_271' title='bbox 90 4494 140 4543; x_wconf 82' lang='lat' dir='ltr'><strong>liv.</strong></span> <span class='ocrx_word' id='word_1_272' title='bbox 160 4493 229 4559; x_wconf 78' lang='lat' dir='ltr'><strong>Epit.</strong></span> <span class='ocrx_word' id='word_1_273' title='bbox 253 4519 290 4530; x_wconf 87' lang='lat'><em>-</em></span> <span class='ocrx_word' id='word_1_274' title='bbox 314 4489 523 4546; x_wconf 68' lang='lat' dir='ltr'><strong>nondecvm,</strong></span> <span class='ocrx_word' id='word_1_275' title='bbox 548 4493 588 4538; x_wconf 81' lang='lat'><strong>32.</strong></span> <span class='ocrx_word' id='word_1_276' title='bbox 610 4518 643 4528; x_wconf 89' lang='lat'>—</span> <span class='ocrx_word' id='word_1_277' title='bbox 662 4492 763 4537; x_wconf 80' lang='lat' dir='ltr'><strong>Pausau.</strong></span> <span class='ocrx_word' id='word_1_278' title='bbox 780 4488 823 4535; x_wconf 88' lang='lat' dir='ltr'><strong>lib.</strong></span> <span class='ocrx_word' id='word_1_279' title='bbox 843 4489 876 4534; x_wconf 81' lang='lat' dir='ltr'><strong>X.</strong></span> <span class='ocrx_word' id='word_1_280' title='bbox 893 4515 927 4524; x_wconf 95' lang='lat'>—</span> <span class='ocrx_word' id='word_1_281' title='bbox 948 4486 1025 4552; x_wconf 70' lang='lat'><strong>5111.</strong></span> <span class='ocrx_word' id='word_1_282' title='bbox 1047 4491 1157 4555; x_wconf 74' lang='lat' dir='ltr'><strong>Appitu.</strong></span> 
     </span>
     <span class='ocr_line' id='line_1_37' title="bbox 87 4573 385 4626; baseline -0.017 1"><span class='ocrx_word' id='word_1_283' title='bbox 87 4576 199 4626; x_wconf 70' lang='lat' dir='ltr'><strong>uinxit.</strong></span> <span class='ocrx_word' id='word_1_284' title='bbox 212 4603 248 4612; x_wconf 91' lang='lat'><strong>—-</strong></span> <span class='ocrx_word' id='word_1_285' title='bbox 262 4573 385 4623; x_wconf 77' lang='lat' dir='ltr'><strong>Plutarch.</strong></span> 
     </span>
    </p>
   </div>
   <div class='ocr_carea' id='block_1_4' title="bbox 213 4670 964 4758">
    <p class='ocr_par' dir='ltr' id='par_1_7' title="bbox 213 4670 964 4758">
     <span class='ocr_line' id='line_1_38' title="bbox 213 4670 964 4758; baseline -0.003 2"><span class='ocrx_word' id='word_1_286' title='bbox 213 4670 257 4738; x_wconf 75' lang='lat' dir='ltr'><strong>X·</strong></span> <span class='ocrx_word' id='word_1_287' title='bbox 945 4688 964 4758; x_wconf 86' lang='lat'>7</span> 
     </span>
    </p>
   </div>
   <div class='ocr_carea' id='block_1_5' title="bbox 0 0 1361 5018">
    <p class='ocr_par' dir='ltr' id='par_1_8' title="bbox 0 0 1361 5018">
     <span class='ocr_line' id='line_1_39' title="bbox 0 0 1361 5018; baseline 0 0"><span class='ocrx_word' id='word_1_288' title='bbox 0 0 1361 5018; x_wconf 95' lang='lat' dir='ltr'><strong> </strong></span> 
     </span>
    </p>
   </div>
  </div>
 </body>
</html>
