2670 5018
234 732 294 800 IN
325 731 444 800 LOC.
469 732 564 799 LIB.
591 732 811 799 LXXXIII
846 734 1071 803 LIVIANI.
1127 733 1193 803 123

129 856 217 919 ‹lanti
234 854 411 918 eonsilium
430 876 561 933 eorum,
576 853 723 940 nihilque
736 855 856 918 referre
869 853 1005 937 dicenti,
1023 873 1192 945 postquam
1267 875 1269 879 '

131 960 160 1021 in
177 956 306 1020 romani
325 956 439 1043 populi
456 953 518 1018 fide
535 971 661 1030 essent,
679 956 745 1018 utri
761 978 795 1019 se
811 958 996 1044 imperatori
1011 958 1193 1024 traderent:

130 1060 226 1121 otiam
249 1057 453 1145 cognationis
478 1055 716 1120 necessitudine
738 1074 1006 1137 commemorata,
1023 1059 1192 1149 indignum

131 1160 274 1239 dicebat,
298 1182 332 1222 se
348 1180 521 1221 romanum
537 1157 704 1222 hominem
722 1156 905 1245 ducemque
926 1159 1067 1246 antiquae
1084 1162 1194 1246 patriae

132 1261 294 1325 moenibus
313 1260 424 1323 arceri.

173 1363 247 1426 Vll.
273 1363 418 1448 Quoquo
433 1359 532 1424 modo
548 1361 709 1448 ingressus
725 1361 839 1441 fuerit,
856 1361 1064 1424 saevissimum
1083 1376 1195 1424 trucu-
1227 1389 1228 1392 ¹

134 1464 413 1549 lentissimumque
427 1461 553 1523 hostem
570 1461 604 1522 in
625 1484 661 1524 ea
677 1462 758 1525 urbe
770 1461 904 1550 gessisse
921 1478 1064 1525 constat:
1078 1476 1196 1525 namet

135 1587 256 1643 omnes,
266 1564 323 1651 qui
338 1578 557 1641 occurrerant,
565 1563 749 1650 promiscua
763 1561 849 1625 caede
859 1563 980 1641 stravit,
995 1579 1028 1625 et
1038 1561 1196 1650 oppidum

136 1663 284 1727 incendio
303 1662 422 1727 delevit
437 1661 603 1744 tunditus3
621 1685 676 1726 eos
692 1679 818 1745 autem,
834 1665 891 1751 qui
908 1664 1002 1752 legati
1017 1664 1058 1727 ad
1075 1664 1195 1727 Sulla·

137 1766 279 1844 l'uerant,
294 1763 460 1851 exquisitis
485 1764 681 1827 cruciatibus
703 1766 925 1852 consumpsit,
939 1765 1020 1828 adeo
1039 1788 1081 1828 ne
1100 1765 1198 1829 sacris

137 1864 265 1952 quidem
281 1887 438 1953 parcens,
456 1882 494 1927 ut
509 1866 650 1946 multos,
670 1867 726 1953 qui
748 1867 962 1955 confugerant
974 1868 1008 1930 in
1026 1868 1197 1948 Minervae,

138 1990 210 2030 rum
219 1968 290 2054 ipso
298 1966 420 2055 templo
429 1983 659 2030 concremaret.
675 1968 778 2031 Muris
792 1991 924 2054 quoque
935 1967 1068 2049 dirutis,
1082 1967 1198 2056 postri-

139 2070 188 2132 die
206 2070 310 2132 visum
326 2069 420 2131 ivisse
440 2066 575 2148 dicitur,
593 2091 634 2131 ne
650 2092 714 2156 qua
728 2070 811 2132 forte
829 2091 901 2155 pars
917 2069 1007 2131 urbis
1020 2070 1144 2157 integra
1153 2069 1201 2130 in·

139 2185 256 2233 tactave
266 2169 483 2232 remansisset.
491 2170 567 2250 Quo
578 2170 686 2232 minus
698 2168 771 2233 fidei
781 2168 966 2233 habendum
975 2186 1088 2257 putem
1100 2170 1197 2232 mira·

139 2272 205 2334 cula
219 2271 443 2350 narrantibus,
455 2271 647 2335 inviolatum
656 2272 810 2335 Minervae
821 2272 978 2359 templum
993 2273 1131 2351 stetisse,
1147 2293 1200 2334 ne-

141 2396 200 2458 que
211 2371 414 2452 dubitatum,
432 2372 511 2459 quin
530 2372 637 2435 divina
651 2374 812 2450 majestate
827 2371 997 2435 defensum
1014 2387 1106 2435 esset.

178 2475 266 2539 VIII.
279 2475 363 2538 Sane
380 2472 488 2537 sedem
509 2473 578 2552 ejus
597 2472 797 2561 <Palladium
809 2474 916 2537 vocari
930 2497 1008 2537 usus
1025 2472 1198 2558 obtinuit),

139 2575 267 2654 amotis,
279 2573 399 2662 quibus
413 2573 571 2637 obrutum
581 2575 698 2656 fuerit,
715 2575 906 2656 ruderibus,
924 2575 1199 2664 integraminvio·

140 2675 295 2762 latamque
318 2675 461 2755 stetisse,
477 2676 629 2756 luerunt,
645 2678 702 2764 qui
720 2676 880 2758 dicerent3
902 2679 1042 2741 multum
1059 2676 1198 2740 irriden-

140 2777 242 2856 tibus,
259 2777 318 2863 qui
344 2800 496 2840 arcanum
520 2776 607 2840 idem
630 2777 671 2840 ab
693 2779 805 2865 Ulysse
824 2796 857 2842 et
875 2777 1033 2843 Diomede
1055 2777 1196 2840 ablatum

140 2876 239 2957 credi,
249 2893 282 2940 et
292 2880 573 2964 praetereallomae,
588 2895 621 2942 et
634 2880 775 2961 Lavinii,
790 2897 823 2942 et
836 2881 995 2960 Luceriae,
1005 2895 1038 2943 et
1052 2879 1197 2958 Siritide‚

140 2994 168 3040 et
185 2979 278 3068 Argis
296 2978 424 3042 ostendi
440 2996 606 3043 noverant.
625 2981 696 3044 Hoc
711 2981 927 3045 infortunium
941 2983 1072 3044 ilienses
1089 2981 1199 3044 subie-

140 3096 228 3158 runt,
249 3102 353 3166 quum
377 3080 462 3143 inter
484 3079 567 3143 duos
595 3081 802 3168 imperatores
825 3083 865 3146 ad
890 3083 1051 3171 potiorem
1077 3083 1196 3170 magis,

140 3203 231 3265 nquam
241 3178 282 3243 ad
293 3181 479 3267 propiorem
488 3230 497 3260 ,
506 3183 730 3268 respexissent.
740 3184 826 3247 Sulla
834 3185 921 3247 enim
932 3185 1054 3248 bellum
1064 3207 1103 3247 eo
1116 3200 1198 3246 tem-

141 3304 213 3366 pore
225 3304 303 3344 eum
315 3282 492 3346 Thracibus
508 3283 658 3371 gerebat,
672 3285 831 3348 continuo
848 3285 1071 3349 Macedoniam
1085 3285 1196 3348 ineur-

141 3384 297 3447 santibus:
310 3406 377 3470 quo
393 3384 490 3447 simul
505 3385 697 3448 immanium
710 3387 857 3474 gentium
871 3404 1033 3450 coerceret
1047 3387 1199 3466 injurias;

141 3484 249 3564 simul,
259 3483 339 3549 dum
350 3508 369 3548 a
381 3485 567 3550 Mithridate
580 3487 713 3551 nuntios
725 3504 901 3577 exspectat,
918 3505 950 3551 et
965 3503 1127 3552 exerceret
1137 3488 1199 3549 mi·

142 3585 239 3665 litem,
255 3602 287 3648 et
303 3585 429 3651 ditaret.

180 3686 238 3750 IX.
248 3688 353 3776 Igitur
366 3711 469 3775 quum
484 3688 593 3752 multis
606 3691 719 3776 praeliis
728 3689 1200 3771 Henetos,Dardanos,Sintos,

141 3786 340 3868 Scordiscos,
358 3787 576 3877 finitimosque
594 3793 733 3879 populos
751 3791 962 3872 concidisset,
983 3812 1076 3879 agros
1096 3812 1202 3878 popu·

143 3888 235 3969 latus,
246 3889 419 3978 praedaque
439 3893 595 3956 militibus
612 3916 779 3973 concessa,
796 3895 829 3955 in
848 3892 1071 3957 Macedoniam
1088 3908 1136 3955 est
1151 3914 1201 3955 re·

142 4013 274 4077 giessus.
300 3992 368 4055 Sub
385 3993 454 4056 lraec
475 4011 641 4082 tempora,
659 3995 772 4057 Cinnae
790 3994 1014 4082 Carbonisque
1029 3992 1201 4057 consulum

172 4242 187 4305 S
205 4244 249 4289 VI.
272 4244 325 4289 bit.
344 4244 409 4307 epit.
431 4272 464 4280 -
488 4246 594 4309 Appian.
611 4273 647 4283 -
668 4245 746 4293 strab.
764 4247 807 4293 lib.
827 4248 899 4306 XIII,
919 4263 944 4310 p.
961 4246 1020 4307 594.
1039 4273 1073 4280 ·-
1094 4244 1148 4290 Dio.
1168 4269 1203 4278 --·

140 4323 220 4385 §VIL
235 4327 294 4374 nio.
309 4354 344 4363 ·-
360 4329 412 4374 Liv.
424 4330 489 4392 Epit.
507 4356 542 4365 -·
561 4330 665 4393 Appian.
680 4357 715 4365 -κ
731 4332 801 4377 Auct.
815 4329 907 4376 deVir.
919 4329 954 4374 ill.
969 4329 1100 4390 captivet
1114 4326 1154 4384 75.
1169 4350 1202 4360 -

140 4409 188 4454 lul.
200 4410 291 4473 Obseq.
305 4427 361 4474 cap.
373 4428 381 4455 r
391 4415 430 4458 16.
442 4440 475 4449 -
489 4413 567 4460 Strab.
578 4413 671 4466 littvt,
686 4431 709 4476 p.
724 4414 785 4466 264.
801 4440 831 4447 -·
841 4414 941 4459 Pausan.
956 4411 998 4457 lib.
1012 4411 1046 4456 ll.
1060 4435 1093 4444 -·
1107 4406 1122 4468 §
1135 4406 1202 4452 Vlll·

142 4489 190 4537 h'v.
200 4493 265 4556 Epir.
275 4521 310 4529 --
322 4495 425 4558 Eutrop.
450 4523 471 4531 «-
489 4498 593 4561 Appian.
606 4525 637 4535 -
648 4499 705 4544 Tac.
719 4499 781 4544 Ana.
796 4497 818 4547 1.
837 4511 857 4541 1.
871 4523 903 4530 —-
914 4495 977 4541 Vell.
989 4495 1025 4550 II,
1039 4495 1081 4539 al.
