2670 5018
258 719 316 788 IN
345 717 461 787 LOC.
488 717 583 784 LIB.
611 717 817 788 LXXVIII
850 722 1067 794 LIVIANI.
1154 722 1196 794 31

131 854 298 929 quotquot
321 836 463 901 habebat
482 834 691 906 Rhodiorum
712 841 874 929 captIvos,
896 866 956 930 pro
974 867 1043 908 uuo
1062 867 1201 934 corpore

130 941 283 1006 reddidit.
298 937 427 1004 Deinde
439 936 612 1004 obfirmato
621 940 662 1004 ad
673 944 948 1032 expugnationem
961 947 1087 1031 enimc,
1102 950 1199 1012 simul
1215 989 1218 1010 .

131 1050 170 1114 ad
188 1048 300 1113 navale
316 1044 407 1111 aliud
424 1044 588 1135 praeIIum,
608 1046 705 1110 simul
718 1046 759 1110 ad
774 1048 929 1112 tentanda
945 1050 1062 1114 moenia
1078 1052 1201 1140 cogita·

133 1153 235 1216 tiones
254 1146 408 1214 intendit.

175 1253 296 1317 XXIV.
307 1253 405 1315 Forte
413 1247 599 1337 proditores
609 1248 742 1338 quidam
751 1249 871 1313 clivum
881 1250 911 1313 ei
925 1266 1199 1333 monstraverant,

132 1357 217 1435 juxta
229 1355 318 1420 Iovis
328 1352 474 1442 Atabyrii
489 1350 679 1428 delubrum,
699 1374 763 1440 qua
780 1369 872 1440 parte
889 1352 946 1440 qui
963 1353 1061 1441 primi
1077 1369 1201 1417 exstru-

135 1473 245 1520 xerant
267 1455 404 1536 moenia,
424 1452 514 1542 quod
531 1453 694 1517 altitudini
712 1453 793 1517 situs
812 1452 1030 1535 confiderent,
1054 1454 1202 1519 breviore

134 1560 280 1621 contenti
288 1578 385 1620 muro
401 1554 541 1626 inerant.
554 1553 619 1618 Sed
636 1554 755 1619 clivum
775 1553 934 1620 adscensu
951 1578 1019 1619 non
1034 1555 1200 1620 difficilem

136 1681 203 1723 esse
221 1658 397 1747 transfuga¹
416 1655 662 1721 confirmabant.
680 1655 783 1744 Igitur
800 1673 902 1720 noctu
923 1658 1024 1745 copiis
1046 1657 1081 1721 in
1105 1680 1201 1721 naves

135 1759 314 1848 impositis,
326 1758 454 1823 silentio
470 1755 644 1821 admovere
658 1779 753 1821 naves
762 1756 873 1841 jussit,
884 1757 990 1823 donec
1004 1759 1202 1848 inAtabyn'o

136 1877 247 1924 monte
261 1862 315 1925 fax
329 1859 510 1941 tolleretur;
535 1857 672 1940 deiude,
691 1874 816 1947 quanto
830 1860 956 1948 possint
972 1883 1049 1925 cum
1062 1861 1205 1925 clamore

134 1985 170 2026 ac
185 1963 312 2051 impetu
321 1959 380 2043 ,ad
396 1961 506 2024 locum
520 1961 640 2048 cuique
656 1961 853 2048 assignatum
867 1961 1050 2027 decurrere.
1065 1963 1149 2027 Nam
1159 1965 1204 2028 ita

136 2065 270 2152 partitus
286 2077 355 2127 erat
368 2083 500 2150 operas,
516 2078 571 2142 ut,
587 2061 694 2126 donec
702 2084 776 2149 pars
793 2063 952 2126 exercitus
967 2087 1043 2128 cum
1056 2066 1148 2129 scalis
1161 2065 1203 2128 ad

136 2167 252 2230 moenia
266 2165 334 2229 vim
352 2179 473 2244 tentat,
485 2163 538 2226 alii
556 2162 597 2227 ad
612 2178 745 2250 portum
760 2178 916 2227 terrorem
935 2164 1088 2230 facerent.

175 2266 283 2331 XXV.
301 2264 366 2330 Sed
383 2263 416 2328 id
434 2262 568 2352 quidem
583 2263 773 2346 consilium,
788 2279 826 2327 ut
842 2264 943 2327 multa
957 2264 1018 2327 alia
1034 2264 1199 2346 ejusdem,

135 2391 226 2434 casus
237 2367 344 2432 elusit.
355 2365 509 2430 Excubiae
518 2363 742 2446 Rhodiorum,
753 2387 857 2452 quum
872 2364 958 2429 forte
967 2363 1103 2429 surdum
1118 2381 1202 2429 stre·

136 2473 239 2559 pitum
261 2468 483 2550 audivissent,
504 2467 615 2556 ignem
639 2467 853 2532 extulerunt:
879 2466 913 2530 id
939 2489 1042 2556 prope
1066 2467 1201 2556 Atabyri

117 2656 119 2661 Α
136 2573 257 2637 factum
268 2569 481 2636 Mithridatici
494 2585 662 2657 putantes,
679 2570 873 2657 signumque
886 2592 983 2633 suum
993 2569 1203 2649 arbitrati,ex

136 2673 292 2738 altissimo
305 2672 434 2736 silentio
447 2670 544 2734 simul
551 2686 685 2758 repente
695 2693 811 2734 omnes
824 2671 1014 2735 horribilem
1026 2672 1200 2736 clamorem

137 2774 322 2840 ediderunt.
339 2771 460 2861 Rhodii
474 2788 587 2837 contra
597 2821 606 2854 ,
618 2773 765 2836 alacriter
778 2772 918 2835 clamore
931 2771 1076 2856 reddito,
1095 2797 1199 2860 quum

136 2875 177 2941 ad
192 2877 310 2940 moenia
324 2875 498 2939 confertim
511 2890 697 2956 currerent,
717 2875 840 2964 regios,
857 2896 899 2939 ne
916 2897 975 2962 per
991 2892 1121 2939 noctem
1141 2875 1201 2938 ali·

137 2978 212 3066 quid
227 2977 410 3058 auderent,
425 2977 690 3056 absterruerunt;
708 2976 780 3038 luce
796 2974 873 3039 dein
891 2992 982 3056 orta,
1000 2992 1037 3039 ut
1049 2975 1200 3040 homines

138 3102 201 3144 uon
214 3077 257 3143 ad
267 3079 414 3168 praelium
424 3126 433 3159 ,
445 3076 501 3142 sed
515 3076 556 3141 ad
564 3079 688 3140 furtum
702 3077 807 3141 noctis
817 3099 974 3166 egressos,
985 3076 1074 3141 haud
1086 3100 1202 3166 magua

137 3182 220 3246 mole
232 3180 481 3244 submoverunt.
584 3219 586 3222 >
627 3246 629 3251 A

176 3282 298 3346 XXVI.
329 3280 380 3345 Ad
408 3280 501 3345 Isidis
524 3297 631 3344 tamen
656 3280 769 3344 fanum
792 3279 880 3343 haud
905 3279 1076 3344 mediocris
1093 3282 1199 3345 illatus

136 3401 237 3448 terror
250 3400 315 3465 est,
328 3383 386 3447 ubi
397 3382 584 3447 sambucam
593 3381 725 3446 duobus
741 3381 874 3470 navigiis
880 3381 1002 3461 junctis
1013 3381 1199 3469 impositam

135 3484 336 3549 Mithridates
348 3485 564 3574 applicuerat,
577 3498 610 3546 et
624 3482 665 3546 ab
680 3482 805 3571 ingenti
820 3482 984 3561 machina,
1002 3483 1140 3570 plurima
1156 3484 1201 3546 si-

135 3584 200 3649 mul
218 3586 280 3649 tela
296 3585 470 3674 hastasque
485 3585 547 3649 late
566 3584 754 3674 spargebat,
771 3599 804 3647 et
821 3583 954 3647 arietem
973 3582 1051 3646 inde
1068 3583 1109 3646 ad
1126 3585 1201 3671 pnl-

135 3688 229 3752 sanda
246 3686 366 3750 moenia
381 3686 582 3751 admovebat.
598 3688 693 3750 Juxta
705 3684 860 3772 frequens
875 3704 990 3745 manus
1003 3705 1078 3746 curn
1092 3685 1201 3748 multis

135 3790 258 3877 scaphis
279 3787 410 3868 aderat,
435 3789 531 3852 scalas
552 3787 680 3866 ferens,
697 3802 730 3849 et
750 3784 987 3874 oppugnationi
1002 3802 1119 3873 parata.
1137 3789 1201 3850 Ile·

135 3891 287 3956 sistebant
302 3907 412 3954 tamen
432 3891 557 3979 egregie
571 3887 712 3969 Rhodii,
734 3910 841 3975 neque
855 3886 1022 3951 laboribus
1042 3903 1099 3951 aut
1114 3889 1202 3975 peri·

135 3994 206 4057 culo
227 3992 465 4082 fatigabantur,
486 3990 592 4055 donec
617 3987 839 4054 Mithridatem
862 3986 965 4066 major
985 3988 1033 4051 vis
1058 3988 1200 4051 amovit:

135 4116 205 4157 nam
229 4110 263 4157 et
279 4093 436 4158 sambuca
454 4115 520 4180 prae
535 4090 681 4179 pondere
700 4087 866 4171 subsedit,
887 4105 920 4152 et
937 4087 1033 4152 Isidis
1053 4089 1202 4176 apparuit

132 4195 268 4281 species,
285 4194 457 4283 copiosum
475 4195 603 4281 ignem,
620 4190 766 4255 fulminis
783 4190 817 4252 in
837 4187 992 4269 modum,
1009 4187 1114 4253 eidem
1135 4211 1203 4252 ma·

131 4295 233 4360 chinae
255 4296 447 4359 immittens.

161 4473 178 4539 S
194 4475 290 4523 xxm.
299 4473 355 4520 Val.
366 4472 438 4520 Max.
449 4474 484 4533 V,
499 4489 524 4522 a.
538 4500 572 4510 -
582 4473 690 4538 Appian.
704 4495 739 4508 -
751 4466 767 4532 S
779 4469 877 4517 XXVI.
887 4466 938 4517 Jul.
948 4467 1038 4534 Obseq.
