2670 5018
337 94 407 133 saro
422 71 595 159 pugnabat.
614 69 677 132 sed
689 70 808 133 horum
827 71 897 133 sine
913 94 926 132 t

338 195 444 260 operm
467 173 537 235 fuit.
566 172 610 235 M.
639 174 823 253 Amonius,
852 172 927 233 tribr

338 271 617 360 quemadmodum
634 275 733 335 Curio
749 296 871 359 nuper,
891 272 928 335 (Ie

337 374 477 438 rendum
494 398 562 437 osse
577 375 760 437 clamitabat
776 398 850 437 cum
867 398 929 437 ass(

336 476 565 541 discessionem
588 476 778 565 flagitarent.
801 476 865 540 Sed
887 500 924 540 ea

337 577 491 666 impedita
513 594 561 642 est
577 600 585 641 :
599 579 899 659 senatusconsulto,
917 602 931 665 o

339 678 461 741 Metelli
473 679 648 766 Scipionis,
663 682 711 742 uti
727 692 801 742 ante
818 694 931 741 certam

342 783 464 862 Caesar,
485 798 544 847 ont
551 806 612 871 pro
628 783 715 847 hoste
733 798 821 862 esset,
839 782 932 846 tribu:

384 885 539 948 XXXIII.
568 882 750 963 Postridie,
779 907 880 971 quum
909 884 934 947 it

339 986 374 1050 L.
390 986 465 1049 Piso
483 1007 615 1065 censor,
639 985 782 1071 itemque
804 1000 922 1073 praetor

339 1108 431 1149 socer
446 1101 514 1147 erat
527 1086 676 1167 Ca’saris,
693 1087 772 1149 alter
792 1087 916 1175 legatus
932 1112 934 1147 :

339 1208 408 1249 rem
423 1187 528 1249 ituros
539 1186 746 1268 obtulerunt,
757 1202 795 1250 ut
804 1210 879 1251 eum
894 1187 935 1250 do

340 1286 474 1350 fuerunt
493 1302 525 1351 et
541 1287 582 1349 ab
599 1287 667 1350 aliis
678 1289 853 1373 ⁸sentcntiae
870 1288 936 1351 dict

339 1410 408 1453 rem
423 1403 590 1478 oportere,
608 1390 662 1476 qui
678 1390 707 1452 ei
720 1390 919 1454 voluntatem

340 1492 494 1555 omnibus
508 1493 700 1580 pompeiana
714 1492 824 1571 factio,
838 1496 937 1555 Caesar

339 1594 435 1681 cipue
444 1594 615 1675 Lentulus,
631 1594 804 1681 Scipioque
814 1610 846 1656 et
855 1596 934 1658 Cato

339 1694 394 1759 bie
411 1694 478 1760 dies
495 1696 541 1759 sic
556 1696 723 1769 abivisset,
745 1711 782 1758 ut
804 1694 934 1759 decerni

339 1812 421 1861 stem
445 1795 635 1859 mutandam
661 1797 815 1859 censuit:
840 1796 940 1859 tribur

339 1919 406 1961 non
424 1897 681 1977 remittentibus,
699 1894 767 1960 fieri
784 1913 941 1961 senatuscr

340 1998 416 2062 ritas
431 2000 606 2088 perscripta
623 2014 681 2061 est.

383 2100 538 2163 XXXIV.
553 2102 594 2163 At
606 2100 790 2187 pompeiani
807 2101 933 2183 Patres,

340 2196 472 2260 dierunt
489 2198 522 2261 in
548 2200 691 2282 curiam,
715 2201 943 2289 confestimque

340 2298 548 2361 tribunorum
561 2303 775 2377 postularunt.
786 2305 944 2370 oomoeim
