2670 5018
377 37 385 55 ι
422 37 428 55 t
481 34 533 55 ῦυῦ
557 33 602 56 nk-
623 29 747 73 juvata,
773 30 775 46 l

18 94 217 180 propinquos
243 95 424 180 praesidiurn
450 95 777 180 postularc13vehern

13 196 89 273 nlla,
109 230 119 248 «
133 199 181 257 [lo
204 198 257 257 tibi
282 214 402 282 patrcni
425 213 537 274 tutnn,
556 197 680 280 inquit,
699 197 776 255 linn-

2 320 44 372 ›s,
61 321 201 381 qtiornni
220 298 351 384 intlignc
372 299 638 382 interemptorum
653 319 777 383 pcrscqr

1 449 3 456 .
36 419 155 483 poenas.
167 429 179 452 υ
198 398 250 462 sic
266 399 417 461 incitatus
433 398 617 460 adolescens
634 398 768 484 impigre

0 520 73 585 que
88 500 234 562 celeriter
247 499 436 587 conscriptis
452 499 570 586 copiis,
587 498 700 561 utilem
713 519 752 561 eo
767 496 778 559 l

14 599 125 664 sutit.

10 748 17 762 .
38 702 79 763 At
98 700 166 788 ipse
186 702 379 791 imperator,
397 701 454 788 qui
475 701 509 765 L.
532 701 715 789 Scipionem
732 722 780 764 cui

1 825 25 864 :u
52 803 86 865 in
108 805 312 891 propinquo,
338 803 456 866 multos
482 802 560 866 alios
586 800 684 865 duces
710 801 780 865 vali«

6 925 35 966 ns
49 903 168 990 passim
185 902 318 967 tendere
334 904 447 984 sciret,
466 903 621 990 imparem
642 925 677 966 se
696 900 779 966 virib

11 1002 52 1067 ad
70 1004 156 1091 pacis
176 1004 342 1091 negotium
360 1004 475 1084 adjecit
491 1004 646 1069 animum.
665 1001 782 1084 Quidni

25 1103 238 1186 arbitrantur,
258 1127 325 1168 non
343 1105 548 1192 improbabili
567 1104 769 1186 conjectura,

0 1202 259 1292 ithridaticoque
281 1204 366 1269 bello
380 1205 495 1270 iisdem
509 1206 631 1269 artibus
645 1204 755 1269 hostes
767 1226 783 1268 c

12 1303 76 1368 Sed
96 1306 221 1369 romani
245 1306 436 1394 scriptores,
459 1306 578 1395 quibus
593 1306 667 1394 plus
687 1319 783 1368 caetor

1 1405 45 1468 ,iis
63 1405 179 1487 rebus,
198 1404 363 1472 bonafide
382 1424 536 1495 certoque
549 1406 717 1494 proposito
730 1426 784 1493 qut

1 1507 147 1573 cordiam
162 1524 331 1573 testantur.

11 1606 126 1696 Neque
147 1609 305 1673 recusavit
329 1609 453 1698 Scipio,
476 1611 575 1697 quin,
600 1608 738 1696 acceptis
759 1607 785 1671 ol

5 1726 101 1775 stra
121 1710 155 1774 in
182 1711 383 1797 colloquium
403 1710 557 1798 prodiret.
583 1709 680 1773 Terni
700 1723 786 1772 tantu

0 1828 93 1894 unt,
110 1835 177 1901 quo
188 1811 303 1900 magis,
320 1811 400 1899 quid
413 1812 567 1901 utrinque
578 1810 700 1874 dictum
716 1809 786 1873 fuer

1 1966 2 1971 ,
21 1913 137 2001 vulgus
159 1913 335 1977 emanavit:
354 1911 395 1977 de
413 1914 603 1980 auctoritate
618 1927 726 1975 tamen
743 1932 787 1974 sei

0 2013 49 2076 iis
63 2013 192 2101 populi,
206 2015 293 2080 etde
306 2015 378 2095 jure
394 2015 529 2079 civitatis
541 2061 551 2096 ,
563 2015 692 2078 collatas
709 2034 779 2077 esse

8 2138 59 2178 ·so
83 2138 191 2178 rerum
216 2115 379 2180 indicante
401 2130 506 2195 statu,
530 2114 729 2180 credebatur.
754 2114 788 2177 ΗΙ

343 2217 521 2240 [KB-⁶
