2670 5018
228 745 289 821 IN
321 743 438 812 LOC.
465 742 562 812 LIB.
590 745 787 817 LXXVII
820 750 1047 821 LIVIANI.
1136 775 1173 821 rt

101 869 238 930 Petrum
253 854 389 929 consilo
397 910 408 944 ,
426 879 458 928 et
468 865 512 929 ab
524 870 713 953 egentissimt'
724 868 874 958 cujusque
892 871 1048 951 auduom,
1064 872 1112 935 ad
1120 874 1181 935 cir»

99 971 361 1056 cmnspsctionem
385 965 589 1056 locupletium
601 1018 612 1050 ,
636 969 795 1059 suffragiu
818 989 1009 1037 revocentur.
1037 974 1181 1040 Tantum

89 1068 200 1156 sienne
218 1065 432 1162 cur'quefidei
445 1074 626 1161 amorisque
647 1074 680 1136 in
700 1070 948 1163 rempublicam,
972 1080 1180 1164 quantumin

95 1175 226 1260 privata
239 1174 306 1261 spei
316 1187 412 1262 atque
423 1195 534 1261 opatu,
549 1196 621 1239 esse.

145 1273 287 1338 XXVII.
309 1274 364 1338 sic
385 1272 596 1339 tribunorum
614 1276 718 1365 plebis
736 1278 948 1342 vehementer
967 1280 1069 1343 accisa
1088 1295 1180 1366 pote·
1303 1283 1304 1286 ’

102 1392 203 1458 state,
221 1376 344 1465 quibus
366 1378 542 1466 imug'nem
558 1400 746 1467 nomenque
760 1394 888 1443 tantum
907 1381 977 1444 siue
990 1381 1023 1443 vi
1042 1381 1182 1468 relique-

102 1496 199 1559 runt,
228 1501 333 1566 quum
360 1478 458 1543 etiam
489 1480 534 1545 ob
561 1482 757 1569 paucitatem
786 1499 976 1547 senatorum
1011 1483 1180 1547 contemni

101 1581 340 1669 amplissimum
362 1581 512 1647 ordinem
538 1583 833 1649 animadverterent
855 1584 1029 1667 consules,
1048 1584 1181 1649 tributis

100 1682 244 1746 comitiis
265 1683 327 1770 (ut
346 1682 469 1771 aliquid
490 1683 568 1748 dere
591 1686 714 1774 populo
735 1685 949 1775 viderentur)
973 1708 1013 1750 ex
1037 1688 1181 1775 equestri

100 1783 219 1849 ordine
243 1784 510 1850 honestissimum
539 1806 705 1876 quemque
719 1788 928 1878 allegarunt,
954 1812 1094 1853 numero
1114 1806 1181 1854 tre·

99 1904 226 1952 uentos.
241 1886 312 1950 Viri
327 1885 446 1952 deinde
462 1888 636 1955 duodecim
651 1914 670 1953 a
686 1904 801 1955 senatu
816 1889 928 1954 hostes
943 1889 1095 1973 judicati,
1108 1890 1182 1954 Sul·

101 1988 206 2076 picius
219 1989 376 2076 ‘inprimis
395 2005 428 2053 et
445 1988 514 2054 duo
535 1991 648 2073 Murii3
673 1990 792 2056 deiude
808 1990 844 2057 P.
864 1992 1045 2083 Cethegus,
1063 1994 1079 2056 l
1083 1992 1181 2056 unius

102 2093 242 2172 Brutus,
259 2093 321 2156 Cn.
342 2105 376 2154 et
394 2091 436 2173 Q.
457 2090 589 2174 Gmnii,
606 2093 643 2157 P.
660 2093 903 2173 Albinovanus,
924 2094 970 2158 M.
990 2093 1182 2173 Lectorius,

102 2195 145 2276 Q.
162 2193 308 2257 Rubrius
326 2192 450 2275 Varro,
471 2208 505 2258 et
527 2209 681 2282 praeterea
704 2192 773 2258 duo
796 2194 848 2257 alii
870 2208 1053 2276 senatores,
1072 2192 1180 2281 quod,

101 2294 253 2358 seditione
264 2295 444 2375 eoncimta,
466 2295 647 2360 consulibus
653 2295 771 2385 populi
780 2298 909 2359 romani
919 2317 1012 2359 arina
1024 2297 1182 2383 opposuis-

100 2411 185 2476 unt,
199 2418 359 2484 servosque
378 2411 544 2461 vocassent
559 2397 607 2462 ad
614 2400 745 2485 pt‘leum.
765 2400 858 2486 Aqua
874 2398 973 2488 igitur
993 2412 1026 2462 et
1043 2397 1111 2486 igni
1131 2397 1181 2460 his

102 2497 332 2580 interdIctum,
354 2496 501 2582 adjecto,
523 2522 756 2590 aquarumque
776 2503 903 2589 impune
919 2499 1024 2564 occidi
1032 2548 1042 2579 ,
1063 2513 1122 2563 aut
1136 2498 1184 2562 ad

98 2599 240 2664 consules
253 2599 378 2664 adduci
384 2623 484 2689 posse.

144 2703 303 2769 XXVIII.
328 2705 417 2768 Rona
429 2725 563 2793 quoque
579 2726 694 2769 eorum
710 2705 890 2792 publicata3
903 2719 936 2768 et
947 2704 1181 2793 perquisitores

101 2806 208 2888 missi,
221 2805 280 2894 qui
292 2822 446 2895 mperent
459 2808 633 2896 profugos,
649 2822 706 2871 aut
718 2806 915 2871 occiderent.
936 2806 973 2871 P.
991 2805 1155 2893 Sulpicius
1169 2854 1178 2886 ,

99 2928 205 2993 quum
220 2907 255 2972 io
273 2907 479 2973 laurentinis
495 2907 688 2996 paludibus,
703 2908 785 2972 villae
798 2907 968 2988 cujusdam
982 2907 1113 2972 latebris
1125 2927 1181 2971 oc·

101 3009 295 3091 cultaretur,
315 3008 439 3074 indicio
462 3010 545 3075 servi
569 3010 620 3074 sui
644 3025 801 3074 retractus
822 3026 854 3073 et
874 3010 915 3073 ab
939 3009 1104 3097 equitibus
1120 3031 1181 3096 op·

100 3133 230 3198 pressus
251 3127 311 3177 est.
336 3113 444 3201 Caput
465 3112 564 3177 occisi
590 3113 729 3178 relatum
751 3114 910 3193 Romam,
931 3127 965 3176 et
978 3132 1040 3200 pro
1054 3111 1181 3174 Rostris

100 3213 329 3300 propositum:
348 3235 477 3294 servus,
495 3214 552 3302 qui
573 3213 757 3278 secundum
779 3213 924 3278 edictum
945 3214 1120 3279 consulum
1143 3213 1182 3275 li-

101 3314 259 3379 bertatem
273 3314 385 3380 indicii
400 3315 572 3404 praemium
589 3315 674 3380 ferre
693 3313 852 3397 debebat,
867 3315 1106 3394 manumissus3
1121 3329 1183 3376 sta·

101 3417 228 3504 simque
246 3439 323 3481 cum
344 3416 528 3506 insignibus
551 3438 645 3480 novae
669 3416 848 3491 libertatis,
872 3417 916 3480 ob
938 3416 1043 3480 scelus
1060 3412 1182 3502 proditi

100 3518 171 3582 lieri
192 3517 234 3583 de
253 3540 332 3583 saxo
353 3519 573 3609 praecipitatus
587 3533 646 3583 est.
664 3520 702 3582 In
717 3519 796 3584 alios
809 3539 944 3606 quoque
959 3518 1047 3580 viros
1060 3517 1182 3599 claros,

101 3621 158 3706 qui
173 3621 310 3709 reperiri
326 3637 523 3709 potuerunt,
539 3621 630 3685 velut
642 3623 717 3702 jure
733 3621 892 3686 saevitum.
907 3622 952 3684 At
964 3618 1088 3683 Marius
1106 3632 1182 3705 post

100 3722 212 3812 fugam
228 3745 269 3787 ex
284 3723 374 3787 Urbe
392 3722 538 3788 desertus
556 3745 574 3786 a
594 3722 709 3805 turba,
727 3745 785 3810 per
800 3721 950 3785 tenebras
967 3719 1000 3782 in
1021 3717 1181 3808 praedium

100 3822 287 3910 quoddam,
310 3822 403 3912 quod
425 3823 566 3889 habebat
589 3826 622 3886 iu
649 3823 806 3905 Solonio,
826 3823 883 3911 qui
898 3843 1032 3910 campus
1049 3837 1098 3884 est
1114 3820 1182 3910 agri

99 3925 265 4007 lanuvini,
280 3947 315 3989 se
328 3925 478 4003 conjecit.

143 4027 268 4091 XXIX.
284 4025 399 4109 Unde,
416 4049 521 4115 quum
536 4026 639 4092 lilium
657 4050 696 4092 ex
712 4028 826 4091 ricinis
842 4028 926 4118 agris
944 4027 986 4108 Q.
1005 4025 1107 4089 Mucii
1124 4047 1182 4087 au-

99 4129 209 4217 guris,
224 4127 318 4208 cujus
338 4130 391 4193 ille
413 4128 512 4194 filiam
530 4128 685 4212 duxerat,
700 4131 879 4193 necessaria
895 4142 1006 4217 petere
1014 4126 1181 4207 jussisset,

130 4277 148 4344 s
160 4280 258 4327 XXVI.
271 4278 371 4328 Sallust.
381 4279 454 4330 catil.
468 4305 502 4316 -
514 4278 623 4344 Appiam
635 4304 670 4315 -
682 4275 698 4342 s
711 4279 824 4326 XXVII.
836 4277 900 4326 Vell.
912 4278 950 4334 11,
963 4277 1004 4323 30.
1019 4302 1053 4311 -
1068 4273 1179 4338 upplan.

94 4364 151 4412 civ.
163 4363 206 4411 lib.
219 4366 240 4411 1.
254 4391 290 4402 —
304 4365 359 4410 Lis.
372 4363 439 4428 Epit.
453 4391 489 4401 -·
504 4362 571 4411 I‘lor.
585 4389 621 4400 —
637 4363 691 4413 cic.
703 4362 730 4409 in
743 4364 837 4420 Rruto,
850 4378 905 4427 cap.
923 4362 964 4417 45.
983 4386 1017 4397 -
1032 4358 1180 4425 §mnu

95 4450 136 4496 Jo.
149 4447 303 4496 Antiochen.
319 4475 355 4485 -
362 4448 427 4497 Vell.
443 4450 481 4503 11,
498 4463 537 4510 ις).
552 4474 587 4484 --
603 4447 654 4494 Liv.
666 4447 732 4511 Epis.
746 4475 779 4482 —
788 4446 842 4493 Val.
855 4448 923 4493 Μαι.
932 4448 981 4503 VI,
997 4446 1046 4503 5-7.
1063 4470 1096 4480 -
1106 4446 1178 4487 Oto&

97 4533 128 4589 V,
144 4548 183 4593 ¹9·
194 4560 228 4571 -
240 4534 307 4582 Flor-
317 4559 353 4570 -
363 4531 425 4580 l’lut.
437 4533 462 4580 in
476 4534 538 4580 Mar.
551 4548 604 4596 cup.
617 4531 658 4580 58.
675 4559 709 4568 —-
722 4531 774 4579 (lic.
787 4530 816 4577 dr
828 4530 912 4578 Divin.
921 4530 946 4580 l.
960 4529 1000 4577 36.
