2670 5018
252 416 258 435 l

265 720 325 788 IN
352 720 470 787 LOC.
496 723 589 788 LIB.
618 722 822 788 LXXXIX
851 725 1058 793 LIVIANI.
1127 748 1192 821 197

127 840 248 929 sperari
263 840 352 904 nulla
364 855 492 928 poterat
504 863 511 905 :
525 841 625 930 igitur
638 841 728 928 quod
741 844 928 930 proximum
943 862 1025 928 erat,
1038 847 1193 916 libertatis

128 942 277 1006 umbram
303 943 461 1030 amplexi,
484 943 604 1007 Sullam
631 942 822 1008 dictatorem
845 962 1039 1034 perpetuum
1062 967 1193 1033 creant3

127 1067 230 1131 quum
239 1043 305 1123 jam
318 1061 452 1132 propter
465 1045 631 1133 potestatis
644 1045 712 1126 ejus
730 1048 1004 1136 magnitudinem,
1019 1074 1077 1139 per
1087 1077 1191 1119 annos

127 1162 259 1210 eentum
276 1147 389 1235 viginti
406 1145 545 1210 dictator
559 1169 656 1210 nemo
670 1147 775 1211 factus
790 1165 883 1213 esset.

168 1248 228 1313 IX.
245 1250 311 1312 Lex
333 1248 429 1311 etiam
448 1248 488 1311 ab
507 1248 667 1337 interrege
687 1249 750 1312 lata
769 1267 832 1330 est,
851 1273 915 1337 qua
937 1271 1040 1314 rerurn
1054 1256 1193 1318 omnnem
1289 1294 1290 1298 =

119 1349 218 1438 pleno
233 1362 265 1412 et
277 1347 376 1412 libera
383 1361 525 1437 potestas
538 1347 638 1413 Sulloe
649 1349 805 1430 dabatur,
819 1362 855 1414 ut
870 1351 1021 1416 deducere
1034 1354 1173 1419 colonias
1179 1403 1189 1435 ,

125 1453 212 1516 urbes
226 1452 376 1530 condere,
394 1466 452 1515 aut
467 1466 614 1530 evertere,
637 1474 737 1538 regna
757 1454 888 1540 eripere,
909 1453 1074 1533 nutriere,
1096 1458 1191 1521 etiam

123 1576 216 1642 quem
240 1553 337 1617 vellet
357 1555 489 1633 cirrum,
514 1553 634 1617 indr'ctu
657 1576 757 1618 causa
779 1558 902 1642 impune
920 1570 1024 1642 posset
1042 1556 1190 1623 occidere.

124 1657 288 1736 Dictator,
308 1670 441 1742 accepto
454 1655 609 1743 imperio,
624 1655 827 1720 L.Valerium
838 1659 874 1721 L.
883 1658 961 1720 F.L.
971 1657 1012 1722 N.
1024 1659 1191 1739 Flaccum,

124 1781 191 1845 quo
203 1774 338 1846 rogante
354 1758 405 1821 lex
420 1757 482 1820 lata
497 1759 620 1836 firerat,
639 1758 828 1846 magistrum
846 1759 994 1845 equitum
1009 1759 1101 1823 dixit.
1115 1763 1193 1824 For·

125 1860 286 1924 midabilis
299 1859 375 1924 inde
385 1876 418 1923 et
433 1882 516 1924 nora
529 1861 650 1947 species
663 1860 868 1947 procedentis
882 1861 916 1924 ln
930 1861 1099 1948 publicum
1112 1862 1190 1945 fuit,

124 1985 245 2050 quum,
269 1979 306 2025 ut
330 1961 461 2033 solitum
476 1961 707 2042 dictatoribus,
733 1976 873 2048 quatuor
899 1978 931 2025 et
952 1962 1065 2051 viginti
1091 1962 1191 2028 fasces

124 2062 359 2150 praecederent,
372 2061 463 2150 quod
476 2084 574 2125 nemo
588 2063 797 2149 presentium
810 2085 957 2149 unquam
970 2063 1102 2129 viderat.
1114 2064 1191 2130 Mox

125 2165 272 2228 consulta
293 2179 326 2227 et
347 2179 417 2228 acta
437 2164 532 2253 longe
557 2163 749 2227 terribiliora
767 2162 961 2250 prodibant;
985 2186 1088 2251 quum
1107 2166 1192 2256 leges

124 2266 198 2330 alias
216 2266 417 2353 antiquaret,
434 2266 508 2328 alias
525 2288 625 2328 novas
644 2265 764 2327 ferret:
784 2286 823 2326 ne
843 2267 911 2352 quis
920 2278 1100 2351 praeturam
1118 2280 1193 2329 ante

123 2379 316 2455 questurum
331 2381 471 2454 peteret;
496 2389 568 2429 neve
588 2365 787 2429 consumtum
814 2368 890 2428 ante
905 2377 1084 2452 pacturum
1104 2390 1116 2428 .·
1138 2371 1195 2455 qui

125 2468 226 2534 oedr‘le's
236 2467 375 2556 subscr,
393 2469 540 2531 continuo
548 2481 717 2555 praetorem
726 2463 826 2552 fieri,
847 2481 936 2529 etex
951 2480 1097 2554 proetura
1114 2490 1191 2530 con·

124 2569 221 2634 sulem
235 2569 328 2633 licere
340 2594 352 2633 :
359 2583 511 2658 praetores
529 2582 598 2632 octo
615 2570 785 2656 quotannis
800 2568 911 2631 creari.

167 2673 209 2736 X.
231 2671 397 2736 Consulem
421 2670 564 2734 eumdm
585 2673 716 2748 iterum,
741 2672 804 2732 nisi
824 2668 971 2732 decennio
994 2671 1190 2757 interposito,

124 2775 241 2854 creari,
260 2773 442 2859 superiores
464 2794 597 2859 quoque
616 2772 702 2860 leges
720 2786 910 2834 vetuerant:
926 2770 960 2833 id
981 2773 1193 2857 sequentibus

125 2874 327 2961 temporibus
352 2874 531 2955 abolitum,
556 2871 807 2937 Sulla'dictator
832 2895 870 2936 ex
898 2873 1034 2959 antiquo
1059 2873 1191 2938 retulit:

123 2975 268 3062 itemque
282 2975 322 3038 de
334 2975 495 3064 majestate
502 2999 515 3054 ‚·
531 2997 571 3038 ne
583 2977 769 3053 sericorum,
784 2976 924 3062 quicum
938 2976 1065 3062 imperto
1079 2988 1191 3056 essent,

124 3078 211 3140 exue
230 3075 272 3140 de
284 3080 448 3165 provenerit
466 3098 542 3158 sua,
566 3079 739 3140 exercitzun
761 3075 908 3155 educere,
933 3075 1049 3140 bellum
1075 3077 1193 3165 injussu
1238 3131 1248 3140 ,

119 3177 231 3267 populi
237 3201 359 3267 gerere,
373 3193 433 3242 aut
443 3180 476 3241 ie
490 3201 624 3267 regnum
632 3190 799 3243 cecanum
810 3177 935 3265 degredi
945 3177 1060 3242 liceret.
1071 3178 1192 3243 Eadem

123 3280 192 3369 lege
206 3270 409 3368 ⁸quaestiones
428 3278 539 3343 haberi
564 3278 605 3343 de
627 3278 793 3367 quolibet,
814 3279 906 3342 nullo
928 3277 1113 3342 discrimine
1132 3281 1195 3343 for·

124 3396 227 3462 tunae,
244 3381 389 3461 jubebat.
402 3382 624 3446 Nominantur
642 3396 673 3445 et
688 3379 829 3468 defulso
844 3377 1007 3466 hodieque
1019 3379 1104 3467 leges
1115 3380 1191 3443 Cor·

123 3483 232 3565 neliae,
244 3483 327 3547 etde
337 3485 456 3548 sicariis
467 3479 688 3571 veneficisque,
705 3483 782 3546 item
793 3480 833 3544 de
842 3480 963 3569 injuriis
973 3505 984 3542 :
995 3502 1067 3566 quae
1079 3502 1193 3544 omnes

123 3607 198 3650 cum
215 3585 365 3673 pluribus
381 3585 467 3666 aliis,
490 3607 570 3672 quas
587 3607 768 3648 memorare
785 3583 866 3646 nihil
882 3583 1017 3662 attinet,
1039 3582 1072 3643 in
1090 3581 1192 3645 dicta·

124 3701 198 3750 tura
217 3687 288 3751 latre
304 3703 393 3751 sunt.

167 3789 226 3853 XI.
250 3787 313 3853 Sed
336 3805 412 3853 ante
437 3789 547 3853 omnia
572 3788 780 3853 tribunorum
805 3786 908 3875 plebis
930 3801 1122 3872 potestatem
1147 3786 1192 3850 ita
1247 3834 1250 3839 -

126 3892 263 3971 minuit,
282 3907 320 3955 ut
335 3906 463 3955 tanturn
483 3913 550 3954 non
567 3890 744 3954 abolevisse
757 3886 937 3967 videretur3
956 3909 1031 3951 nam
1048 3903 1081 3951 et
1094 3909 1193 3953 omne

122 3991 173 4070 jus
186 3991 297 4081 legum
314 3991 521 4056 ferendarum
539 3991 677 4074 ademit,
697 4006 824 4054 tantum
843 3989 952 4054 auxilii
968 3987 1094 4053 ferendi
1112 4012 1193 4080 qua·

124 4090 198 4157 dam
219 4092 360 4183 imagine
385 4093 516 4159 relicta:
535 4106 585 4172 et,
605 4114 646 4156 ue
671 4093 760 4180 quis,
785 4091 846 4154 nisi
870 4106 1015 4170 senator,
1041 4090 1193 4155 tribunus

158 4327 259 4396 svm.
272 4331 337 4380 Plut.
348 4331 374 4378 in
388 4331 471 4387 Sulla,
489 4346 510 4378 c.
524 4330 568 4378 66.
585 4340 609 4377 et
624 4329 681 4377 tab.
697 4346 718 4376 c.
730 4327 754 4375 5.
765 4352 800 4363 -
809 4326 917 4390 Appitn.
930 4353 964 4361 —
973 4325 1035 4372 Vell.
1050 4327 1086 4377 11,
1101 4326 1143 4370 as.
1158 4348 1193 4359 -

125 4414 177 4463 Cic.
191 4426 277 4464 eoum
290 4413 357 4463 llull.
376 4416 430 4468 111,
445 4430 476 4471 a,
492 4423 517 4461 et
529 4412 560 4460 de
576 4412 649 4476 legg.
661 4414 686 4472 l,
703 4411 743 4459 15.
762 4436 796 4446 -·
814 4412 909 4473 Fragm.
928 4408 1035 4471 Capitol.
1056 4434 1090 4443 -
1108 4405 1125 4468 S
1146 4407 1194 4455 IX.

125 4498 211 4561 Polyb.
224 4499 276 4557 111,
290 4514 312 4547 e.
328 4499 371 4556 ⁸7·
383 4524 418 4536 -
430 4496 500 4559 rign.
510 4496 598 4545 dunel.
613 4522 648 4533 -
660 4494 676 4560 s
688 4496 721 4544 X.
730 4494 853 4543 Ammieu
863 4491 1002 4542 Marcellin.
1016 4492 1094 4546 XIX,
1110 4489 1151 4534 18.
