2670 5018
273 789 315 859 rb
434 790 503 856 JO.
531 784 1156 859 FREINSHEMIISUPPLEM.

266 934 298 973 se
322 933 386 973 non
408 931 498 998 posse
526 905 667 969 occidere
699 905 876 969 clamitans.
906 904 1049 988 Quidam
1078 909 1192 991 aiunt,
1216 910 1330 1000 ingerit

267 1010 395 1076 flamma
413 1034 452 1074 ex
470 1008 573 1073 oculis
591 1007 686 1072 Marii
700 1007 903 1096 promicante
919 1007 1070 1073 territum
1085 1010 1270 1095 hominem;
1283 1036 1326 1077 au

267 1131 358 1178 ctum
372 1111 490 1178 deirrde
508 1127 682 1191 terrorem,
701 1125 875 1199 postquam
895 1091 1067 1199 assurgens
1084 1134 1102 1174 c
1118 1112 1203 1176 lecto
1222 1135 1319 1179 senex

267 1216 402 1280 terribili
419 1237 518 1294 voce,
537 1214 672 1294 «Tune,
686 1212 809 1293 homo,
827 1213 864 1277 C.
877 1211 1018 1275 Marium
1034 1211 1134 1283 audes
1148 1213 1334 1279 occidere?

264 1319 478 1384 inclamasset.
500 1317 744 1381 Minturnenses
767 1314 914 1404 prolecto
936 1313 1064 1377 homini
1084 1313 1238 1379 divinitus
1257 1318 1322 1397 inje

266 1434 356 1484 ctum
374 1420 549 1499 timorem,
568 1417 771 1504 salutemque
787 1415 882 1480 Marii
898 1415 988 1480 cordi
1008 1438 1077 1480 esse
1094 1415 1156 1481 diis
1178 1418 1321 1508 interpre

264 1521 342 1597 tati,
361 1537 485 1584 mutata
501 1519 681 1599 sententia,
700 1539 798 1606 quem
818 1518 916 1606 paulo
935 1533 1010 1581 ante
1032 1521 1140 1583 necari
1156 1520 1319 1599 jusserant

263 1637 399 1710 repente
412 1622 611 1685 incolumem
627 1620 761 1717 solunt:
777 1642 839 1684 nee
850 1619 919 1708 ipse
931 1620 992 1683 sibi
1007 1619 1116 1702 deest,
1133 1621 1175 1685 ad
1187 1626 1319 1710 quosvis

263 1724 360 1788 etiam
377 1723 528 1788 infimum
544 1739 577 1787 et
591 1722 784 1786 vilissimum
799 1721 1100 1809 quemque,.tendit
1114 1746 1246 1806 manus,
1262 1749 1320 1813 pre

265 1850 339 1909 ees,
357 1849 466 1917 spem,
487 1826 568 1907 lata,
584 1824 728 1889 fabulam
745 1845 837 1888 suam
854 1822 895 1887 de
911 1824 1046 1911 aquilis,
1064 1823 1106 1889 de
1126 1825 1235 1907 asino,
1251 1829 1331 1891 vari

262 1935 386 1998 miscet.

309 2036 377 2100 xt.
391 2033 539 2098 Tandem
558 2055 720 2098 consensu
734 2033 883 2097 omnium
903 2054 979 2097 cum
996 2035 1113 2098 viatico
1125 2050 1159 2098 et
1168 2052 1257 2100 veste
1268 2039 1320 2101 col

262 2136 325 2200 lata
348 2135 389 2200 ad
413 2136 596 2200 naviculam
614 2134 745 2224 publice
763 2135 955 2198 instructam
973 2133 1156 2200 deducitur.
1176 2135 1240 2202 Sed
1258 2161 1318 2227 pro

262 2237 452 2326 parantibus
464 2236 617 2301 obstabat
627 2236 757 2325 religio,
770 2234 861 2322 quod
877 2259 936 2325 per
951 2236 1063 2300 lucum
1078 2236 1223 2330 Maricae,
1236 2261 1299 2326 qua

261 2357 295 2405 et
322 2339 432 2407 Circen
455 2338 659 2426 frequentius
682 2353 821 2418 vocant,
847 2336 888 2400 ad
912 2359 1000 2400 mare
1026 2337 1087 2400 iter
1111 2353 1202 2420 erat,
1235 2362 1300 2426 que

262 2441 434 2531 proecipuae
450 2439 626 2504 sanctitatis
640 2437 885 2502 Minturnenses
901 2438 1081 2519 lrabebant;
1095 2461 1202 2526 neque
1212 2440 1261 2503 fas'
1272 2465 1317 2528 pu

264 2545 394 2624 tabant,
407 2541 516 2606 efferri
530 2540 710 2628 quidquam
725 2562 836 2603 earum
853 2561 979 2619 rerum,
995 2562 1067 2626 quae
1078 2539 1177 2602 semel
1186 2561 1226 2603 eo
1241 2540 1293 2604 illa
1314 2570 1332 2597 a

260 2645 377 2708 forent.
402 2641 466 2707 Sed
492 2658 683 2707 caeterorum
709 2639 946 2705 dubitationem
968 2643 1067 2705 unius
1085 2641 1171 2704 serris
1192 2641 1334 2706 alacritas

259 2745 378 2824 solvit3
397 2745 472 2832 qui,
493 2742 577 2807 nihil
595 2746 777 2822 irreverens,
799 2758 858 2807 aut
880 2745 1040 2830 ingratmn
1062 2744 1122 2806 dis's
1145 2766 1206 2806 esse
1223 2744 1334 2807 clami·

259 2863 350 2928 tans,
369 2846 458 2935 quod
471 2847 518 2909 od
540 2845 573 2909 C.
590 2847 693 2909 Marii
713 2845 846 2910 salutem
858 2848 1046 2933 pertineret,
1072 2867 1147 2908 cum
1168 2861 1260 2932 parte
1280 2870 1333 2909 re·

259 2971 353 3029 rum,
370 2971 442 3035 quae
456 2946 498 3011 ad
513 2970 602 3010 mare
618 2946 850 3036 portabantur,
864 2970 922 3034 per
935 2948 1046 3011 lucum
1060 2947 1310 3035 primusevasit.

302 3051 386 3115 XLI.
410 3048 577 3138 Pingenda
600 3048 720 3113 deinde
738 3049 863 3113 curavit
884 3049 945 3112 ista
964 3049 1106 3129 Marius,
1124 3047 1333 3137 tabulamque

257 3154 399 3216 votivam
421 3152 453 3214 in
474 3151 551 3215 lano
571 3150 701 3215 Maricae
719 3149 883 3239 supendit.
900 3150 953 3213 Sic
968 3150 1002 3212 irr
1019 3171 1214 3236 perparvum
1231 3150 1334 3236 impo-

256 3254 337 3318 situs
351 3254 538 3342 navigium,
553 3253 720 3340 lacrymis,
738 3252 841 3331 votis,
865 3249 1097 3336 ominibusque
1112 3265 1331 3336 prosequente

258 3354 486 3418 minturnense
497 3354 637 3441 populo,
655 3352 800 3435 evitatis,
814 3367 974 3439 quantum
989 3367 1132 3440 poterat,
1148 3353 1241 3415 terris
1256 3374 1332 3439 por-

232 3447 237 3457 ’
257 3456 424 3542 tubusque
442 3456 613 3536 omnibus,
630 3456 700 3519 vela
723 3455 757 3518 irr
782 3455 884 3518 altum
907 3454 994 3518 fecit.
1017 3454 1114 3516 Forte
1133 3454 1174 3516 ad
1192 3455 1331 3518 insulam

257 3557 423 3622 AEnariam
442 3556 584 3637 delatus,
604 3580 708 3644 quum
729 3557 773 3620 ibi
795 3556 954 3621 Granium
968 3572 1000 3619 et
1017 3556 1194 3620 nonnullos
1207 3556 1330 3619 amico-

256 3685 330 3725 rum
346 3661 537 3748 reperisset,
557 3683 624 3723 una
645 3659 680 3722 irr
707 3659 847 3723 Africam
870 3681 1004 3722 cursum
1026 3657 1248 3722 intenderunt.
1267 3656 1331 3722 Sed

255 3761 331 3848 quia
347 3762 485 3849 penuria
505 3784 596 3848 aquae
617 3759 824 3842 laborabant,
850 3760 884 3824 in
904 3782 982 3849 agro
1005 3760 1137 3847 erycino
1154 3759 1267 3822 Siciliae
1283 3759 1330 3822 fe-

254 3877 371 3925 cerunt
385 3863 655 3927 exscensionem:
677 3860 722 3923 ibi
746 3864 914 3949 quaestoris
934 3863 1062 3925 romani
1085 3882 1162 3923 cura
1182 3858 1330 3948 dispositi

256 3962 382 4050 equites
407 3962 647 4052 propemodum
671 3962 892 4052 egredientem
913 3963 986 4026 navi
1006 3960 1146 4025 Marium
1163 3982 1329 4048 excepere.

255 4072 437 4152 Aquatores
456 4066 557 4130 ferme
574 4062 736 4128 sexdecim
754 4064 917 4129 interfecti
932 4078 1021 4128 sunt.
1039 4061 1179 4142 Marius,
1192 4082 1329 4148 propere

289 4228 305 4293 S
320 4229 512 4277 XXXIX.an
527 4230 596 4277 Max.
614 4228 652 4284 11,
672 4242 712 4290 19.
730 4253 766 4264 -
781 4228 905 4276 Plutarch.
924 4255 959 4265 -
972 4226 1025 4275 Liv.
1044 4225 1111 4290 Epit.
1124 4253 1159 4261 —
1173 4225 1280 4290 Appian.
1295 4251 1329 4261 -

254 4312 307 4362 Cic.
319 4330 367 4378 pro
378 4315 447 4362 Sext.
461 4328 516 4376 cap.
532 4327 575 4358 aa.
591 4336 625 4347 -
643 4310 724 4358 Strab.
743 4310 786 4359 lib.
801 4313 833 4358 V.
847 4340 881 4349 -
897 4309 912 4375 S
929 4313 983 4360 11..
996 4312 1106 4359 lactant.
1120 4313 1146 4368 l,
1160 4325 1202 4357 ar.
1218 4337 1253 4346 -
1268 4313 1328 4358 Hor.

254 4396 336 4445 Carra.
351 4399 402 4457 111,
419 4410 459 4461 17,
477 4406 500 4442 et
513 4394 548 4442 ibi
560 4394 663 4458 interpr.
676 4421 709 4432 -
724 4394 808 4444 strab.
821 4395 903 4455 lib.V,
915 4412 941 4460 p.
952 4395 1012 4443 233.
1029 4421 1065 4431 -
1080 4392 1172 4459 §xm
1184 4393 1214 4439 U.
1226 4393 1254 4441 C.
1265 4392 1328 4449 6645

256 4482 288 4527 A.
299 4482 327 4530 C.
340 4481 383 4527 88.
395 4508 430 4516 —
442 4479 495 4529 Cic.
505 4494 552 4543 pro
562 4477 645 4526 Plane.
656 4494 711 4542 cap.
727 4494 764 4537 ro,
777 4489 802 4526 et
814 4494 861 4544 pro
873 4481 940 4527 Sext.
951 4506 985 4516 --
993 4477 1101 4542 Appian.
1113 4504 1148 4514 -
1160 4475 1283 4524 Plutarch.
1294 4501 1328 4511 -

257 4563 345 4612 Cellar.
356 4565 447 4627 Gcogr.
459 4563 544 4626 Autiq.
556 4563 599 4610 tv.
