2670 5018
215 770 274 838 IN
305 767 423 838 LOC.
449 769 543 838 LIB.
570 772 743 838 LXXIX
777 772 1001 842 LIVIANI.
1088 778 1135 868 49

81 891 181 954 socios
189 904 363 982 steterant,
373 886 573 953 dicebantur.
587 893 629 954 At
642 891 729 978 apud
742 891 820 955 alios
834 896 984 980 populos,
1001 897 1072 983 qui,
1082 920 1138 984 po·
1204 912 1208 919 '

81 993 144 1055 sitis
157 991 272 1071 armis,
290 990 412 1078 recepti
427 991 459 1052 in
477 990 636 1054 civitatem
652 989 796 1071 fuerant,
810 993 883 1080 plus
897 993 1002 1058 adbuc
1014 995 1134 1059 irarum

80 1109 154 1156 erat.
163 1091 312 1179 Acceptis
322 1113 427 1178 nuper
436 1090 580 1154 cladibus
591 1092 739 1154 nondum
749 1090 790 1155 ad
800 1093 978 1157 cicatricem
988 1117 1137 1183 pervene-

81 1211 125 1257 rat
137 1194 274 1275 vulnus,
291 1208 324 1256 et
337 1214 429 1256 norae
445 1192 568 1272 injuriae
584 1215 682 1257 sensu
695 1193 867 1258 violentius
883 1195 1135 1262 recrudescebat.

121 1297 245 1360 XXIII.
270 1294 436 1384 Praecipue
457 1316 597 1381 quorum
622 1309 785 1382 postremo
809 1298 952 1359 tumultu
977 1297 1137 1362 interfecti

79 1396 190 1460 iratres
211 1396 347 1460 liberive
364 1396 405 1459 ab
422 1389 604 1458 Octaviani's
629 1395 773 1476 fuerant,
792 1396 941 1461 vindictae
962 1397 1137 1485 cupiditate

54 1544 59 1554 ·
80 1496 265 1589 flagrabant.
279 1496 344 1561 Sed
357 1513 389 1560 et
400 1498 541 1577 exsules,
559 1518 698 1583 quorum
716 1497 889 1583 plerosque
903 1519 969 1560 non
986 1499 1080 1562 aliam
1094 1500 1138 1562 ob

79 1620 205 1663 canum
215 1598 306 1664 Urbe
321 1598 433 1685 pulsos
450 1596 641 1676 credebant,
658 1619 754 1682 quam
770 1597 861 1682 quod
876 1600 982 1661 l'arere
997 1599 1057 1663 illis
1075 1623 1137 1688 pu·
1193 1580 1197 1605 ¹

81 1716 238 1778 tacentur,
252 1699 495 1788 quamprimum
509 1697 637 1778 reduci,
652 1697 743 1761 valde
759 1698 984 1763 existImabant
995 1698 1034 1764 ad
1046 1702 1139 1765 ratio·

80 1822 135 1863 nes
153 1823 228 1864 suas
246 1799 419 1888 pertinere.
438 1799 549 1880 Quum
566 1798 620 1873 hle
636 1799 783 1863 omnium
802 1821 915 1862 sensus
934 1817 1033 1882 esset,
1050 1802 1138 1867 baud

81 1900 253 1966 difficulter
266 1901 415 1965 obtinere
428 1900 531 1963 Cinna
547 1900 670 1987 potuit,
684 1914 723 1962 ut
738 1899 820 1963 dicta
835 1923 892 1963 sua
906 1902 1047 1965 faventes
1059 1904 1140 1966 exci-

80 2018 209 2090 perent,
226 2003 382 2089 brequue
403 2016 549 2089 tempore
565 1999 800 2063 formidabilem
822 2001 941 2065 civitati
960 2006 1138 2090 potentiam

79 2105 299 2192 comparavit:
315 2126 391 2166 nam
414 2125 521 2189 neque
541 2103 613 2166 Itali
634 2103 775 2191 segniter
796 2103 966 2189 pecuniam
985 2106 1137 2193 virosque

80 2205 285 2290 prebebant,
302 2220 335 2267 et
351 2201 525 2267 affluebant
533 2203 573 2266 ab
584 2202 673 2266 Urbe
687 2202 849 2289 quotidie,
867 2203 985 2289 quibus
998 2228 1137 2294 praesens

80 2306 260 2393 respublica
280 2304 478 2393 displicebat.

121 2407 244 2471 XXIV.
268 2406 396 2471 Idcirco
419 2428 458 2469 ex
483 2405 660 2471 delectibus
679 2429 838 2470 novorum
862 2408 980 2471 civium
1009 2410 1138 2497 triginta

82 2506 263 2595 legionibus
283 2506 423 2588 effectis,
445 2522 484 2569 ut
505 2509 728 2571 auctoritatem
751 2523 847 2595 atque
865 2509 998 2599 gratiam
1017 2510 1138 2575 visibus

80 2607 226 2689 adderet,
242 2607 443 2688 CLMarium,
456 2622 651 2695 ‹mterosque
666 2609 806 2690 exsules,
821 2608 862 2672 ad
873 2606 1138 2675 communiobem

81 2711 290 2775 consiliorum
301 2726 335 2774 et
343 2709 410 2798 spei
419 2709 571 2774 evocavit.
584 2710 711 2774 Interea
722 2712 781 2774 Cn.
789 2711 957 2791 Octavius,
969 2711 1004 2775 L.
1015 2712 1140 2776 Merula

81 2813 230 2876 consules
250 2811 404 2875 adversus
426 2810 585 2898 provisam
609 2825 832 2898 tempestatem
850 2811 943 2875 fossis
961 2813 1139 2899 moenibus·

82 2936 144 3001 que
158 2912 346 3002 reparandis
368 2910 559 2975 muniebant
577 2910 716 2990 Urbem3
734 2911 896 2975 machinas
920 2912 997 2976 Iocis
1014 2911 1139 2976 idoneis

82 3013 314 3102 disponebant3
334 3028 380 3093 et,
403 3013 479 3100 quia
495 3034 561 3074 non
579 3011 788 3075 abundabant
808 3012 926 3099 copiis,
942 3013 1140 3101 Metelloque

82 3116 193 3202 procul
210 3129 341 3204 agente,
366 3114 461 3201 longa
481 3134 554 3200 spes
576 3112 769 3175 auxiliorum
794 3128 876 3192 erat,
900 3113 1021 3176 circum
1043 3115 1141 3178 urbes

83 3214 216 3303 imperio
227 3230 392 3302 parentes,
402 3229 435 3276 et
445 3214 479 3275 in
488 3212 682 3299 Cisalpinam
692 3212 825 3275 Galliam
838 3214 1042 3295 missitando,
1057 3237 1143 3279 exer·

83 3318 182 3380 citum
197 3315 442 3380 contrahebant.

134 3418 238 3481 XXV.
264 3416 398 3484 Aan.
421 3437 553 3504 quoque
576 3415 768 3503 Pompeium
795 3417 1022 3503 proconsulem
1048 3417 1142 3503 legati

85 3518 222 3600 ivmnt,
239 3518 297 3606 qui
311 3517 351 3581 ad
368 3516 565 3581 Adriaticum
580 3538 685 3596 mare,
706 3516 762 3579 ubi
778 3516 921 3602 reliquiae
934 3514 1041 3579 adhuc
1054 3516 1143 3578 Itali·

85 3642 214 3701 contin,
235 3621 283 3684 M.
294 3619 489 3707 lamponio,
503 3618 553 3680 Ti.
564 3617 688 3704 Cleptio
704 3616 859 3695 ducibus,
879 3616 1033 3705 agebant,
1051 3638 1142 3701 euer-

84 3722 160 3784 citui
178 3742 316 3785 romano
336 3734 479 3807 praeerat.
496 3718 559 3782 Sed
574 3719 646 3799 ille,
671 3719 745 3805 quia
766 3719 937 3780 frustratus
960 3738 1017 3804 spe
1037 3719 1143 3780 conti·

87 3822 206 3886 nuandi
231 3822 420 3885 consulatus
442 3821 565 3901 iuerat,
590 3820 671 3882 nihil
693 3819 735 3881 ad
758 3816 1011 3904 rempublicam,
1029 3816 1086 3880 sed
1104 3817 1144 3880 ad

87 3944 173 3987 suam
190 3923 362 3988 utilitatem
377 3921 486 3984 omnia
502 3921 635 3985 consilia
651 3923 809 3999 referens,
827 3919 869 3981 ita
884 3941 919 3981 sc
938 3918 1094 3994 dubium,
1114 3935 1146 3981 et

86 4025 167 4088 inter
178 4041 336 4111 utrosque
348 4023 521 4110 ancipitem
535 4022 649 4112 gessit,
667 4038 705 4091 ut
721 4021 867 4084 cinnanae
880 4020 1031 4098 factioni,
1049 4042 1145 4106 quam

119 4250 247 4315 sunt.
260 4250 292 4297 U.
303 4251 332 4298 C.
344 4248 409 4305 6653
424 4249 455 4296 Α.
466 4248 495 4296 C.
507 4249 549 4306 87.
565 4274 600 4282 -
614 4247 677 4294 I’lnt.
687 4246 713 4292 iu
726 4247 789 4294 Mar.
800 4262 854 4310 cap.
867 4246 909 4306 69.
926 4273 960 4281 -
974 4245 1081 4309 Appiam
1093 4244 1147 4292 ctv.

87 4332 129 4383 tm
139 4336 158 4381 1.
170 4359 205 4371 -
214 4332 279 4381 Veli.
298 4333 340 4388 11,
356 4346 391 4379 ao
404 4341 429 4378 et
442 4345 484 4377 tr.
498 4357 533 4367 -
545 4329 598 4377 biv.
609 4329 675 4395 Epit.
688 4327 752 4393 -S
769 4330 864 4377 mv.
878 4328 976 4377 Sallust.
991 4352 1028 4365 -
1043 4327 1147 4374 Diodor.

88 4418 167 4483 ωας.
177 4417 222 4467 m.
232 4416 371 4466 xxxvn.
385 4438 421 4451 -
433 4413 486 4461 uv.
498 4413 565 4477 epti.

206 4513 248 4579 X·
936 4509 957 4589 li
