2670 5018
313 800 367 867 IN
399 798 512 866 LOC.
541 798 632 866 [ΑΒ.
659 801 745 868 CIV
777 800 995 867 LIVIANI.
1107 796 1177 868 535

120 920 341 998 doluerant,
366 935 398 981 et
420 917 460 980 ab
484 917 643 999 Labieno,
669 920 724 1006 qui
750 934 851 982 castra
874 920 1003 984 interim
1034 921 1177 985 hostium

120 1037 266 1108 ceperat,
283 1021 378 1082 missa
390 1018 532 1100 decima,
548 1042 735 1083 succurrere
754 1020 974 1083 laborantibus
989 1037 1177 1107 potuerunt.

163 1123 231 1186 LX.
252 1123 374 1184 Harum
392 1136 589 1207 superventu
603 1136 725 1184 mutata
742 1121 873 1185 fortuna
887 1139 952 1202 est,
970 1122 1179 1211 hostiumque

121 1240 209 1286 totus
227 1223 329 1287 ferme
346 1222 503 1286 exercitus
519 1221 696 1310 pugnando
715 1222 849 1286 deletus.
864 1225 935 1287 Hoc
949 1223 1058 1310 praelio
1077 1225 1180 1303 facto,

122 1323 256 1402 majores
275 1340 352 1387 natu
369 1323 581 1404 Nerviorum,
601 1345 776 1410 quoscum
797 1323 905 1410 pueris
921 1341 1018 1411 atque
1037 1326 1180 1389 mulieri-

122 1425 226 1490 busin
241 1425 309 1488 loca
322 1424 494 1511 paludibus
508 1425 593 1487 invia
605 1424 777 1506 miserant,
790 1427 950 1489 Caesaries
964 1426 1180 1491 dediderunt:

122 1527 240 1612 horum
257 1527 350 1614 legati
363 1528 397 1589 in
414 1526 602 1614 exponenda
618 1527 753 1590 civitatis
767 1528 944 1591 calamitate
961 1528 1128 1611 dixerunt,
1143 1530 1182 1592 de

121 1630 288 1714 seacaginta
310 1628 447 1692 millibus
463 1643 674 1708 armatorum,
699 1651 763 1692 non
781 1629 917 1717 amplius
931 1631 1113 1717 quingentos
1129 1653 1181 1693 su-

117 1753 252 1817 peresse,
270 1745 300 1794 et
315 1745 373 1793 tres
388 1731 561 1794 admodum
576 1743 731 1794 senatores
749 1731 787 1794 de
802 1732 1052 1820 quadringentis.
1078 1734 1181 1796 Caesar

34 1912 38 1919 Ι
122 1832 287 1910 misertus,
303 1832 368 1894 suis
382 1855 436 1895 eos
452 1832 570 1895 finibus
586 1832 783 1919 oppidisque
787 1834 881 1913 jussit
892 1833 958 1913 uti;
971 1831 1181 1920 finitimisque

123 1933 306 2019 imperavit,
324 1957 364 1996 ne
384 1957 480 2020 quam
499 1936 641 1997 facerent
660 1935 772 2021 popub
789 1936 913 1996 romani
929 1933 1081 1998 dedititiis
1096 1934 1182 2013 inju-

125 2034 213 2096 riam.
231 2035 387 2114 Atuatuci,
405 2035 611 2097 Cimbrorum
629 2036 920 2121 Teutonorumque
937 2037 1124 2123 progenies,
1144 2059 1182 2098 ex

124 2134 161 2196 iis
179 2135 259 2216 orti,
279 2136 335 2220 qui
348 2158 367 2196 a
383 2134 629 2222 properantibus
645 2135 679 2197 in
695 2135 817 2198 ltaliam
835 2136 936 2198 relicti
955 2157 1030 2198 curn
1045 2136 1183 2223 impedi·

125 2237 241 2299 mentis
251 2236 282 2297 in
296 2235 395 2299 Gallia
405 2236 542 2314 fuerant,
555 2257 659 2321 quum
666 2234 704 2298 ad
717 2234 870 2298 auxilium
881 2235 1073 2298 Nerviorum
1084 2237 1186 2300 serius

126 2338 205 2402 moti
229 2353 351 2418 essent,
375 2359 488 2401 eorum
511 2336 608 2399 cladis
634 2337 751 2399 nuntio
773 2351 924 2423 accepto,
947 2336 1129 2400 retulerunt
1151 2360 1185 2401 se

125 2438 278 2517 domum,
297 2439 495 2525 desertisque
516 2437 637 2500 caeteris
658 2436 784 2525 oppidis
806 2453 903 2524 atque
926 2438 1059 2501 castellis
1077 2440 1185 2503 omni·

126 2540 203 2620 bus,
220 2542 254 2603 in
270 2563 393 2621 unum,
415 2539 669 2628 quodomnium
688 2556 802 2602 natura
824 2541 1075 2603 munitissimum
1098 2558 1185 2622 erat,
1207 2621 1210 2628 Ι

126 2664 159 2705 se
177 2642 395 2722 incluserunt;
411 2640 665 2728 accedentesque
676 2643 839 2704 Romanos
851 2641 971 2726 crebris
988 2642 1185 2705 excursioni-

125 2743 186 2806 bus
202 2746 333 2824 morati,
352 2742 392 2807 ad
412 2743 530 2806 vallum
546 2724 720 2806 duodecim
739 2741 876 2830 pedum,
894 2742 1031 2806 circuitu
1045 2743 1184 2830 quinde-

126 2845 188 2906 cim
212 2845 367 2925 millium‚
388 2845 564 2931 crebraque
584 2841 710 2908 castella
732 2842 898 2907 excitanda
921 2847 1076 2907 Caesarem
1097 2866 1187 2908 com-

126 2948 288 3032 pulerunt.

169 3046 252 3108 LXI.
272 3047 447 3133 Postquam
466 3070 503 3109 ea
522 3048 604 3109 lacta
619 3062 714 3124 sunt,
732 3061 765 3107 et
778 3045 892 3132 procul
909 3043 1057 3107 aedificari
1071 3045 1187 3108 turrim

127 3142 288 3224 viderunt,
304 3145 437 3209 ridicula
451 3169 501 3210 res
516 3147 635 3234 ignaris
649 3147 726 3226 risa,
741 3147 1014 3233 inereparuntque
1026 3144 1068 3207 de
1082 3168 1189 3226 muro,

127 3268 272 3332 quorsum
293 3246 429 3308 lomirus
448 3251 545 3334 inepti
566 3262 658 3311 tanta
678 3270 773 3335 opera
793 3247 1003 3311 molirentur?
1024 3270 1108 3309 erute
1127 3269 1193 3335 spe-

129 3361 235 3408 rarent
251 3345 384 3409 tantillis
395 3349 574 3435 corporibus
592 3349 686 3434 (nam
703 3372 769 3436 prae
786 3348 1008 3437 magnitudine
1022 3371 1078 3411 sua
1093 3364 1193 3412 statu·

131 3470 196 3509 ram
228 3450 448 3510 Romanorum
479 3448 698 3536 despiciebant
724 3448 833 3535 Galli)
863 3461 985 3511 tantam
1015 3447 1127 3512 molem
1157 3453 1192 3512 in

129 3573 232 3613 muros
253 3572 343 3636 posse
363 3548 531 3612 attollere?
555 3549 617 3614 Sed
641 3550 698 3612 ubi
722 3549 845 3618 moveri
873 3550 1004 3629 turrim,
1030 3549 1192 3637 simulque

130 3667 268 3714 armatos
293 3651 327 3713 in
354 3673 390 3713 ea
413 3666 532 3714 stantes
556 3650 724 3730 viderunt,
742 3649 884 3713 exterriti
906 3648 995 3712 velut
1013 3651 1191 3732 miraculo,

130 3754 287 3816 miserunt
302 3753 440 3841 legatos,
455 3756 699 3829 existimarem,
714 3775 778 3815 non
793 3755 858 3815 nui
869 3751 998 3815 deonm
1012 3771 1068 3841 ope
1079 3753 1195 3824 bellare

131 3854 305 3932 Romanos,
324 3856 382 3941 qui
396 3866 495 3916 tuntae
511 3853 692 3917 altitudinis
708 3875 802 3940 opera
821 3867 887 3916 tam
907 3852 1046 3918 celeriter
1062 3878 1194 3943 promo·

131 3969 224 4016 veniat
239 3977 250 4015 .·
272 3959 378 4042 itaque
395 3977 427 4017 se
442 3976 561 4041 suaque
577 3951 800 4040 illerumfidei
808 3959 987 4044 permutem
1002 3980 1013 4020 .·
1030 3979 1126 4021 unum
1141 3958 1195 4021 de·

124 4059 269 4141 precari,
288 4079 326 4118 ne
346 4057 580 4118 ermentrudem
599 4072 770 4143 cogantur,
795 4059 861 4119 stite
883 4056 931 4120 lu's
946 4058 1071 4144 praedoe
1087 4061 1198 4121 ominis

125 4157 250 4246 populis
256 4157 385 4244 fiunti,
406 4158 517 4246 quibus
534 4158 682 4221 maenus
697 4157 858 4223 dominari
865 4162 1101 4223 consumerent.

176 4260 276 4323 [ΧΠ.
299 4260 403 4323 Caesar
429 4260 564 4322 omnino
589 4259 679 4322 tradi
696 4276 789 4323 orma
808 4259 969 4340 jubebat:
993 4284 1042 4339 se,
1064 4260 1150 4348 quod
1166 4260 1199 4320 in

133 4362 250 4424 Nerviis
257 4360 407 4448 fecisset,
424 4363 648 4449 imperaturum
658 4358 828 4446 finitimis,
850 4365 1052 4452 ut'injuriam
1071 4384 1110 4423 oe
1137 4363 1200 4428 uim

168 4557 259 4618 stix.
272 4559 334 4606 Plut.
349 4587 381 4596 -
393 4559 457 4608 Flet.
469 4562 518 4610 lll.
538 4576 576 4610 ro.
594 4588 626 4597 —w
638 4558 693 4608 vo.
702 4560 772 4609 Max.
784 4558 836 4615 nl,
848 4578 881 4617 a,
904 4576 942 4620 ¹9·
