2670 5054
301 760 355 828 ln
387 758 500 827 noc.
527 759 622 827 mn.
651 761 837 829 nxxvn
869 763 1079 834 mvmnr.
1204 789 1223 860 7
1327 749 1330 757 “

150 881 289 948 Marium
306 880 518 946 efferentibus
535 881 568 945 in
591 882 724 965 caelum,
742 882 814 945 aliis
827 881 869 946 ad
884 882 1067 949 curandum
1082 907 1222 974 corpus,

150 987 241 1050 senio
269 1002 301 1049 et
332 983 455 1048 morbis
484 984 688 1067 confectum,
713 984 803 1048 Baias
831 983 985 1049 facessere
1007 984 1219 1064 jubentibus:

151 1112 224 1152 nam
242 1089 275 1152 in
292 1086 468 1152 Misenensi
485 1085 592 1151 villam
611 1087 649 1152 C.
666 1085 789 1150 Marius
806 1101 978 1174 posuerat,
994 1110 1092 1175 quam
1108 1103 1221 1177 postea

148 1190 185 1254 L.
205 1188 360 1253 Lucullus
385 1186 507 1251 centies
525 1189 672 1253 sestertio
696 1188 785 1252 emit
813 1186 878 1252 Sed
899 1188 1041 1273 Marius,
1060 1206 1098 1254 ut
1115 1212 1149 1254 se
1166 1213 1222 1255 re·

147 1307 260 1379 getum
284 1312 459 1379 paremque
485 1289 605 1355 militiae
635 1290 755 1354 muniis
781 1288 991 1374 ostenderet,
1013 1291 1160 1379 quotidie
1185 1292 1220 1357 in

148 1416 264 1481 campo
280 1393 365 1461 inter
379 1392 514 1472 juvenes
529 1393 756 1458 exercebatur:
775 1393 1004 1457 miserantibus
1018 1394 1146 1478 multis,
1163 1394 1221 1483 qui

83 1480 89 1487 ⁸
146 1496 402 1584 perspiciebant,
424 1518 522 1583 quam
543 1495 639 1559 inane
657 1494 702 1560 ob
721 1495 909 1583 praemium,
924 1495 973 1559 vir
991 1494 1032 1560 ab
1054 1495 1117 1559 ima
1134 1511 1221 1561 sorte

145 1597 187 1661 ad
201 1621 364 1662 summam
376 1614 566 1686 provectus,
581 1615 656 1686 post
669 1597 945 1686 septuagesimum
964 1597 1064 1661 aetatis
1076 1619 1220 1678 annum,

145 1700 288 1766 inhabile
307 1717 442 1789 propter
462 1701 609 1766 carnium
634 1699 754 1764 molem
777 1721 897 1788 corpus
914 1698 926 1785 (
938 1721 1014 1762 uam
1034 1698 1068 1762 in
1089 1715 1219 1765 senecta

144 1804 263 1868 obesus
283 1804 446 1890 evaserat)
464 1820 497 1870 et
514 1806 615 1867 fracta
631 1802 797 1867 laboribus
811 1802 958 1867 membra
972 1802 1129 1891 fatigaret.

188 1906 293 1970 XVU.
317 1904 380 1971 Sed
398 1907 498 1994 magis
519 1903 655 1968 ridicula
674 1920 761 1986 emt,
784 1927 882 1992 quam
899 1903 1134 1994 cupiditatibus
1149 1905 1218 1970 suis

143 2005 361 2088 obtendebat,
379 2029 476 2071 eausa
492 2029 500 2072 :
518 2028 622 2093 quum
644 2005 719 2070 ideo
740 2029 776 2069 se
799 2007 1024 2095 concupivisse
1041 2007 1217 2097 imperium

143 2106 285 2188 diceret,
298 2124 336 2173 ut
351 2107 454 2172 filium
470 2107 709 2173 adolescentem
724 2124 807 2171 artes
818 2107 895 2172 belli
906 2110 975 2197 ipse
987 2132 1127 2198 praesens
1138 2109 1217 2177 edo-

142 2227 240 2274 ceret.
253 2212 344 2274 lnter
358 2209 442 2292 haec,
454 2232 558 2298 quum
571 2211 714 2292 occisos,
727 2232 809 2298 quos
822 2209 864 2274 ad
877 2212 1055 2276 exercitum
1067 2213 1217 2294 miserat,

142 2310 311 2391 tribunos,
330 2311 518 2398 Sullamque
535 2334 611 2376 cum
633 2334 688 2376 sex
710 2311 894 2400 legionibus
908 2313 1019 2377 venire
1033 2312 1076 2378 ad
1092 2314 1216 2381 Urbem

142 2412 369 2499 comperisset,
380 2412 448 2501 ipse
457 2413 597 2477 vicissim
613 2412 772 2501 quosdam
784 2414 965 2478 amicorum
977 2415 1072 2480 Sulloe
1081 2415 1216 2499 occidit,

142 2512 295 2600 bonaque
314 2536 473 2579 cesorum
492 2512 638 2603 diripuit.
661 2517 777 2604 ltaque
800 2516 989 2581 miserabilis
1011 2517 1137 2581 romani
1158 2540 1217 2607 po-

140 2614 209 2701 puli
227 2615 374 2680 conditio
388 2632 474 2698 emt,
490 2617 584 2697 cujus
602 2619 784 2707 principes,
802 2643 964 2708 nusquam
985 2636 1073 2684 certa
1090 2641 1148 2708 spe
1166 2643 1216 2686 sa·

140 2717 235 2799 lutis,
249 2735 307 2783 aut
319 2719 385 2783 ulla
401 2719 585 2784 concordiae
600 2719 680 2802 fide,
699 2721 752 2784 alii
767 2744 806 2785 ex
824 2720 913 2787 Urbe
924 2722 958 2785 in
974 2737 1095 2798 castra,
1108 2720 1162 2785 alii
1175 2745 1215 2786 ex

137 2821 248 2884 castris
262 2822 296 2884 in
306 2821 428 2885 Urbem
439 2823 693 2911 confugiebant:
708 2845 781 2886 nam
791 2873 800 2906 ,
812 2840 947 2913 excepto
958 2841 1119 2913 questore
1130 2847 1214 2905 uno,

137 2924 242 2986 caeteri
255 2924 379 2988 tribuni
392 2925 602 3014 praefectique
613 2927 704 3014 signa
715 2927 824 3014 patriae
835 2926 1004 2993 inferenda
1015 2926 1214 3007 abominati,

136 3026 273 3090 Romam
288 3048 321 3089 se
337 3044 536 3114 receperant.
552 3030 676 3091 Contra
692 3026 732 3091 ab
751 3027 809 3108 iis,
829 3028 886 3115 qui
906 3029 972 3092 vim
991 3028 1085 3092 Marii
1103 3028 1231 3117 Sulpi-¹

135 3127 243 3213 ciique
261 3129 465 3193 insolentiam
485 3128 692 3210 metuebant,
713 3129 745 3191 in
760 3145 862 3192 castra
875 3129 988 3209 Sullae,
1003 3145 1158 3215 tauquam
1171 3127 1213 3192 ad

135 3230 278 3315 asylum,
295 3231 562 3295 concurrebatur.

180 3330 301 3394 xvtn.
324 3333 364 3395 ln
381 3331 469 3395 Urbe
485 3347 617 3396 senatus
634 3355 700 3395 suae
717 3332 885 3419 potestatis
903 3354 971 3394 non
989 3346 1073 3412 erat,
1094 3330 1151 3394 sed
1171 3331 1213 3396 ad

135 3447 255 3495 nutum
268 3449 483 3521 tyrannorum
498 3433 789 3522 circumagebatur.
806 3434 864 3497 His
878 3433 1079 3514 volentibus,
1092 3457 1130 3496 ex
1142 3455 1214 3497 ma·

134 3533 321 3624 gistratibus
340 3536 409 3614 ejus
432 3537 510 3601 anni
528 3536 612 3601 duos
629 3535 669 3600 ad
693 3537 728 3601 L.
747 3536 870 3601 Sullam
895 3537 1001 3616 misit,
1020 3537 1159 3600 Brutum
1181 3552 1214 3599 et

132 3635 305 3699 Servilium
319 3654 482 3724 praetores.
500 3639 545 3720 li,
558 3662 662 3726 quum
675 3639 716 3703 ad
728 3639 908 3704 exercitum
920 3638 1101 3719 venissent,
1115 3637 1212 3725 paulo

132 3737 312 3802 animosius
330 3740 459 3827 loquuti
476 3742 510 3804 in
528 3756 710 3805 extremum
735 3741 912 3806 discrimen
932 3739 1134 3820 inciderunt,
1156 3755 1211 3821 ut,

131 3840 305 3904 confractis
318 3841 477 3922 fascibus,
488 3843 715 3931 praetextisque
730 3842 887 3930 dereptis,
897 3842 950 3905 vix
960 3858 1212 3931 etaegrecorpus

131 3941 297 4007 incolume
311 3943 471 4008 referrent
487 3946 520 4007 in
540 3944 685 4025 Urbem,
702 3946 774 4033 ipso
790 3944 964 4033 adspectu,
976 3967 1136 4032 quorsum
1145 3942 1211 4024 jam

131 4042 299 4108 seditionis
326 4045 419 4110 furor
442 4047 614 4125 evasisset,
633 4047 809 4112 ostensuri.
835 4046 975 4124 Marius,
995 4045 1210 4133 quantumin

130 4144 184 4207 tali
199 4146 415 4234 trepidatione
434 4164 559 4237 potest,
580 4146 620 4211 ad
641 4147 866 4213 defensionem
882 4171 916 4211 se
930 4162 1107 4234 comparat.
1125 4144 1214 4211 Sulla

122 4247 264 4340 triginta
278 4248 446 4335 peditum,
463 4251 610 4339 quinque
620 4251 768 4338 equitum
784 4251 883 4315 millia
896 4248 1081 4330 adducens,
1094 4245 1135 4312 ad
1149 4247 1211 4313 Ur·

165 4464 181 4527 S
195 4465 266 4512 xvt.
280 4465 343 4515 Ptin.
362 4469 551 4528 xv1fl,tt.-
565 4470 688 4519 Plutarch.
702 4498 737 4508 —
750 4470 814 4519 vell.
825 4472 864 4528 ll,
877 4473 917 4518 18.
932 4467 994 4530 -S
1009 4469 1088 4517 xvn.
1102 4466 1210 4532 Appiam

129 4573 163 4584 —-
178 4547 301 4596 Plutarch.
313 4549 339 4596 in
352 4551 425 4599 Sulla.
