2670 5018
316 775 368 842 ΙΝ
398 775 510 843 LOC.
536 776 632 842 le.
660 775 748 842 CIX
778 775 990 843 LIVIANI.
1120 775 1188 873 67!

121 898 204 961 Sane
227 896 409 977 Domitius,
428 896 560 959 Caesaris
582 897 663 959 iram
681 911 846 977 metuens,
866 895 919 958 cui
941 918 1069 984 semper
1089 898 1195 965 fuerat

121 999 324 1079 adversatus,
347 1023 366 1062 a
379 997 506 1062 medico
521 996 704 1084 eodemque
722 1018 813 1060 servo
831 1019 893 1060 suo
912 1019 1075 1061 venenum
1089 1023 1195 1089 popo·

120 1117 233 1166 scerat.
251 1100 314 1165 Sed
326 1100 432 1180 idem,
451 1099 581 1162 lenitate
594 1098 723 1187 cognita
735 1097 883 1180 victoris,
900 1096 1068 1185 deplorare
1082 1100 1193 1166 condi-

121 1204 242 1267 tionem
257 1225 348 1266 suam
362 1202 475 1289 coepit,
490 1200 581 1288 quod
596 1223 695 1288 quam
710 1199 882 1263 relicturus
894 1199 1009 1263 fuisset
1024 1201 1193 1284 inimicus,

121 1306 181 1368 sibi
195 1305 257 1392 ipsi
274 1305 374 1368 vitam
387 1304 488 1366 homo
505 1303 694 1367 temerarius
710 1301 894 1388 stultusque
910 1302 1116 1388 praecidisset.

164 1405 279 1469 LXVI.
296 1405 345 1468 lbi
357 1402 521 1483 medicus,
534 1403 590 1490 qui
604 1402 801 1467 adolescenti
816 1403 961 1466 Domitio
976 1427 1045 1467 rem
1059 1429 1193 1494 aperue-

120 1522 190 1587 rat,
217 1528 317 1592 seque
336 1506 476 1585 jusserat
503 1504 679 1583 asservari,
708 1503 814 1568 donec
842 1521 976 1569 eventus
1003 1506 1192 1590 docuisset,

120 1621 275 1670 utrumne
287 1628 451 1701 venenum
473 1604 585 1669 datum
599 1606 683 1693 patri
702 1605 806 1684 foret,
822 1607 1052 1671 tantummodo
1067 1610 1194 1698 sopori·

120 1707 221 1770 leram
244 1707 412 1796 potionem
440 1729 475 1769 se
502 1705 629 1771 dedisse
655 1706 820 1770 indicavit.
848 1708 916 1771 Hac
939 1731 974 1772 re
1000 1710 1193 1777 exhilaratus

119 1807 249 1895 (neque
270 1808 358 1871 enim
376 1809 509 1871 Lucano
529 1806 728 1871 credendum
745 1823 811 1891 est,
829 1809 862 1871 in
878 1809 1012 1897 gratiam
1032 1811 1193 1895 Neronis,

120 1909 212 1989 cujus
225 1908 280 1973 hic
292 1909 456 1973 Domitius
472 1909 592 1973 abavus
609 1909 690 1992 fuit,
705 1909 817 1972 omnia
833 1910 893 1973 alia
910 1908 1064 1999 fingenti)
1079 1936 1195 1977 manu·

119 2012 206 2075 misit
219 2009 382 2074 medicum
394 2033 403 2092 3
416 2027 515 2097 atque
528 2011 590 2092 ita,
604 2026 778 2098 postquam
793 2011 897 2075 illuxit
906 2036 1004 2092 ,cum
1019 2016 1139 2079 caeteris
1151 2014 1193 2080 ad

120 2115 277 2177 Caesarem
291 2111 452 2176 deductus
467 2126 540 2175 est:
560 2129 652 2176 erant
669 2113 822 2175 senatorii
840 2111 963 2177 ordinis
978 2115 1142 2178 Domitius
1159 2132 1193 2180 et

120 2214 293 2294 Lentulus,
315 2213 487 2277 consulatu
506 2212 630 2296 functi,
657 2230 811 2300 praeterea
833 2214 869 2276 L.
883 2214 1046 2278 Vibullius
1069 2217 1191 2298 Rufus,

118 2316 191 2380 Sex.
212 2315 392 2399 Quintilius
409 2315 513 2378 Varus
528 2331 669 2402 quaestor
679 2362 688 2396 ,
700 2317 736 2379 L.
752 2313 915 2394 Rubrius;
932 2331 1085 2402 praeterea
1097 2318 1191 2382 multi

118 2414 338 2480 adolescentes
352 2414 497 2496 nobiles,
514 2417 728 2503 equitumque
741 2437 971 2497 romanorum,
991 2432 1023 2479 et
1040 2416 1191 2484 decurio-

121 2541 220 2600 num,
244 2540 327 2606 quos
352 2517 516 2581 Domitius
540 2541 579 2580 ex
600 2517 784 2605 municipiis
807 2533 1011 2599 evocaverat,
1035 2541 1189 2608 magnum

118 2642 245 2709 agmen.

162 2722 295 2785 LXVII.
317 2721 359 2784 Hi
377 2744 395 2783 a
412 2723 535 2784 Caesare
556 2721 724 2808 increpiti,
749 2721 840 2808 quod
855 2722 1047 2809 neutiquam
1069 2747 1190 2790 conve·

92 2889 97 2897 ,
119 2824 263 2887 nientem
277 2823 402 2887 meritis
421 2823 487 2887 suis
507 2824 640 2911 gratiam
662 2823 865 2904 retulissent,
879 2824 1060 2888 incolumes
1075 2848 1192 2897 omnes

119 2924 345 3006 dimittuntur,
364 2947 465 3011 scquc
481 2924 522 2988 ad
535 2925 726 3013 Pompeium
743 2925 916 3013 recipiunt.
934 2926 1059 2989 Aurum
1074 2928 1188 3007 etiam,

118 3026 208 3113 quod
227 3049 338 3091 secum
359 3026 538 3113 Corfinium
555 3026 782 3114 deportaverat
801 3014 983 3109 Domitius,
1005 3030 1188 3093 sestertium

118 3127 276 3216 sexagies,
294 3151 481 3215 quanquam
499 3129 637 3214 pecunia
650 3127 778 3214 publica
794 3152 862 3192 csse
876 3129 1056 3210 diceretur,
1074 3132 1189 3195 Domi·

118 3231 163 3293 tio
175 3229 354 3312 redditum,
370 3231 447 3318 quia
461 3230 565 3293 Caesar
577 3252 644 3292 non
660 3230 769 3293 minus
782 3229 969 3319 fugiendam
983 3231 1044 3294 sibi
1056 3232 1188 3321 inopiae,

119 3353 216 3420 quam
232 3332 429 3396 crudelitatis
445 3333 565 3395 famam
579 3329 752 3410 judicabat.
771 3332 819 3395 lta
837 3333 962 3412 Coesar,
979 3348 1103 3420 septem
1117 3356 1189 3396 orn-

119 3433 198 3496 nino
216 3432 284 3497 dies
301 3433 340 3497 ad
364 3433 543 3498 Corfinium
565 3449 803 3513 commoratus,
823 3432 1016 3497 domitianas
1037 3436 1188 3500 cobortes

118 3536 267 3622 protinus
279 3537 312 3599 in
327 3536 466 3600 Siciliam
481 3536 589 3599 mittit.
605 3536 678 3622 lpse
690 3535 724 3597 in
738 3535 888 3622 Apuliam
903 3533 1023 3599 ducere
1035 3535 1186 3602 instituit.

118 3637 176 3700 His
194 3638 291 3702 rebus
310 3636 448 3719 auditis,
464 3639 572 3727 Scipio
589 3635 758 3700 Luceriam
772 3637 898 3717 omisit,
916 3637 1074 3701 militibus
1086 3640 1189 3702 Brun·

118 3737 237 3803 disium
258 3738 474 3820 transductis,
492 3762 559 3826 quo
577 3738 752 3825 Pompeius
774 3736 943 3824 expeditus
964 3737 1108 3825 legiones
1128 3762 1188 3802 an·

118 3857 296 3906 tecesserat.

160 3942 309 4006 LXVllI.
334 3942 383 4005 Eo
404 3941 545 4006 conduci
565 3941 719 4021 jusserat,
743 3938 904 4027 quithuid
926 3939 1065 4003 habebat
1080 3940 1189 4027 copia·

116 4066 209 4126 rum,
223 4043 350 4107 nullum
362 4044 472 4108 auxilii
485 4066 587 4132 genus
602 4058 807 4130 aspernatus3
822 4057 940 4105 namet
954 4064 991 4105 ex
1004 4042 1188 4129 pastoribus

150 4286 166 4350 s
180 4286 257 4332 va.
275 4285 399 4333 Plutarch.
413 4285 439 4332 in
451 4283 514 4333 Caet.
527 4311 562 4321 -
574 4286 629 4331 Seu.
641 4283 672 4331 de
682 4285 765 4331 lienes.
778 4285 829 4342 111,
843 4291 886 4338 πί..
900 4311 935 4320 --
948 4284 1011 4333 run.
1021 4284 1084 4340 vn,
1098 4282 1140 4337 56.
1153 4307 1188 4317 -

116 4371 220 4418 sueton.
230 4370 327 4439 inUlVer.
339 4387 394 4436 cap.
405 4386 429 4417 a.
446 4396 482 4404 -
501 4367 517 4432 S
535 4369 626 4416 var.
639 4371 729 4417 Lucan.
742 4370 784 4428 ΙΙ,
802 4385 826 4416 v.
836 4368 895 4431 509.
909 4396 944 4407 -
959 4371 1018 4416 Seu.
1028 4395 1063 4405 -
1076 4367 1139 4416 (ζει.
1153 4392 1189 4402 -

116 4454 218 4502 sueton.
232 4479 266 4490 -·
280 4452 411 4517 smil.
425 4453 477 4501 Cic.
489 4450 521 4498 ad
533 4451 611 4499 artic.
622 4453 698 4513 Vlll,
712 4453 726 4501 3
738 4462 762 4500 et
776 4467 801 4514 9.
813 4479 848 4490 -
859 4452 924 4500 Vell.
935 4454 972 4510 ΙΙ,
989 4452 1029 4500 50.
1040 4478 1076 4488 -
1086 4450 1189 4498 Dio..-

115 4537 177 4583 Caes.
191 4563 224 4574 -
239 4537 291 4582 Liv.
303 4538 368 4600 Epir.
379 4564 413 4572 -
424 4539 514 4583 ercon.
527 4538 563 4593 ll,
578 4553 600 4581 v.
613 4543 672 4595 47².
