2670 5018
1192 465 1197 475 e

292 694 347 762 tu
375 694 490 763 LOC.
516 696 611 764 LIB.
639 696 836 765 LXXXVI
868 688 1082 767 Ltv'llttl.
1151 695 1217 794 167

159 813 342 879 «abstinere
352 812 473 892 jubent.
484 814 525 878 Se
542 836 602 878 nec
614 830 705 879 antea
718 815 869 880 lubenter
880 838 967 879 arma
981 832 1094 881 contra
1102 820 1218 884 liuma-

158 937 239 979 «uos
259 914 424 991 induisse,
445 929 478 978 et
499 936 588 979 nunc
608 937 778 1004 passurum
801 917 911 980 omnia
928 916 1053 1004 potius,
1067 940 1165 1004 quam
1179 937 1218 984 ut

158 1017 237 1080 «bos
255 1017 375 1080 iterum
394 1017 504 1080 hostes
519 1015 646 1082 hubent.
665 1016 907 1082 Providendum
928 1033 1036 1083 tumen
1053 1019 1214 1102 Patribus,
1279 998 1289 1015 ⁹

158 1140 220 1182 nue
231 1118 350 1182 talibus
365 1119 456 1182 factis
474 1141 511 1182 ea
524 1119 697 1184 invalescat
713 1118 801 1207 apud
818 1138 910 1208 reges
929 1135 962 1183 et
980 1119 1125 1183 nauoues
1144 1121 1215 1207 opi·

157 1219 248 1302 «nio,
261 1241 377 1308 perum
391 1220 564 1299 interesse,
581 1221 660 1284 socii
676 1242 716 1283 an
735 1240 812 1283 vero
828 1218 939 1282 hostes
958 1218 1070 1306 populi
1088 1221 1212 1282 romani

158 1319 360 1384 «habeantur
372 1342 380 1384 :
394 1338 469 1384 nam
485 1318 661 1408 cupiditate
674 1318 814 1400 ducum,
829 1319 958 1383 licentia
969 1319 1126 1393 militum,
1143 1318 1215 1380 sub

156 1421 259 1501 «lato,
273 1418 364 1508 quod
385 1421 540 1486 interesse
559 1419 743 1501 debuisset,
762 1420 959 1500 discrimine,
978 1424 1046 1507 pari
1062 1419 1214 1483 violentia

157 1537 208 1584 «et
219 1521 393 1586 acerbitate
409 1544 523 1587 omnes
540 1523 677 1587 tractari.
689 1552 703 1577 ·

195 1621 267 1685 XV.
282 1620 402 1685 Similia
411 1642 544 1710 quoque
551 1622 703 1687 mandata
712 1621 753 1686 ad
760 1622 880 1688 Sullam
887 1620 1214 1702 dederat,ndjunctis,

154 1743 224 1808 quas
243 1720 448 1812 singulariter
465 1723 556 1787 illum
579 1724 798 1814 attingebant,
815 1724 872 1812 qui
892 1724 977 1811 pacis
997 1723 1067 1804 ejus
1085 1737 1211 1803 auctor,

153 1847 266 1916 magna
288 1850 306 1891 a
327 1850 402 1916 rege
421 1826 462 1891 ad
480 1829 602 1893 bellum
621 1830 795 1918 accepisset
812 1828 943 1909 auxilia,
960 1829 1080 1908 majora
1095 1849 1208 1914 exspe-

151 1941 234 1991 ctare
243 1944 362 2015 posset.
370 1929 447 1992 Haec
453 1945 544 1994 crant
552 1930 718 2018 superiore
727 1929 914 1994 sunolaeta.
922 1930 1001 1993 Caio
1007 1951 1085 1992 vero
1092 1928 1209 2007 ldsrio,

151 2028 364 2093 CnCarbons
377 2029 579 2112 consulibus,
592 2052 695 2118 quum
708 2029 856 2094 noudum
867 2031 984 2094 reversi
995 2031 1099 2092 lloma
1112 2029 1207 2116 legati

150 2128 440 2211 essent,hlurtena,
453 2131 587 2192 transito
606 2132 688 2217 lialy
704 2128 820 2211 lluvio,
839 2131 896 2217 qui
912 2145 946 2193 et
961 2131 1035 2194 elias
1054 2130 1206 2216 copiosus

148 2229 252 2316 aquis,
267 2245 337 2294 tum
356 2231 520 2294 continuis
543 2229 703 2294 imbribus
725 2250 822 2317 supra
840 2228 971 2293 solitum
987 2230 1204 2308 intumuerat,
1270 2270 1275 2279 .

148 2328 1202 2419 lineslilithridutisliberapopulationepersultavit3regenusquam

147 2445 336 2493 oecurrente
346 2478 355 2511 ,
367 2452 409 2494 ne
421 2430 507 2495 bello
521 2452 650 2496 causam
664 2429 792 2495 dedisse
804 2445 1003 2520 urgueretur.
1019 2431 1072 2494 Sic
1082 2431 1201 2493 lloma·

146 2552 205 2593 uus
222 2529 257 2593 in
274 2530 447 2620 Phrygiam
465 2530 770 2620 Gallogroeciamque
787 2547 925 2596 onustus
938 2531 1045 2620 preda
1061 2531 1199 2595 recessit.

144 2629 191 2694 lbi
204 2630 358 2693 contenit
371 2653 446 2694 euru
458 2631 574 2695 missus
583 2632 625 2695 ab
638 2648 752 2696 senatu
763 2631 931 2713 Callidius,
942 2634 999 2720 qui
1010 2632 1116 2696 literas
1125 2633 1199 2723 qui-

142 2729 215 2794 dem
222 2732 326 2796 nullas
334 2730 612 2820 afferebat,palam
621 2748 728 2796 autem
739 2732 1201 2798 Muroenteountisvitsenatus

142 2832 260 2914 serbis,
279 2855 387 2920 regem
405 2834 529 2897 socium
545 2834 751 2922 amicumque
769 2855 811 2897 ne
826 2833 1004 2898 lacesseret.

182 2935 271 2998 xvl.
300 2934 426 2998 Deinde
448 2934 524 3023 quia
546 2958 621 3000 cum
642 2936 712 2999 solo
731 2933 872 3021 colloqui
896 2950 1088 3022 conspectus
1111 2949 1196 3014 erat,

141 3055 246 3123 neque
263 3035 408 3100 hiuroens
427 3034 501 3098 ideo
514 3037 622 3100 minus
639 3035 767 3099 hostilia
780 3035 931 3114 faciebat,
947 3034 1060 3097 dolum
1079 3034 1197 3097 Roma·

140 3156 256 3198 uorum
269 3135 419 3200 incusans
430 3135 648 3212 Mithridates,
659 3135 819 3201 Gordium
831 3156 1017 3214 occurrere,
1029 3151 1063 3198 et
1076 3133 1196 3221 preda·

139 3248 222 3300 tores
233 3256 383 3299 coemere
392 3236 497 3316 jussit.
507 3236 580 3317 llle,
590 3258 691 3324 quum
703 3253 736 3300 et
750 3237 866 3301 milites
878 3236 997 3299 multos
1010 3250 1042 3298 et
1052 3235 1195 3313 jumenta

137 3335 447 3423 comprehendisset,
464 3336 612 3401 abductis
629 3337 709 3418 illis,
727 3353 829 3402 castro
846 3337 956 3400 cestris
974 3335 1127 3399 Mursense
1148 3337 1195 3400 sie

136 3435 305 3522 opposuit,
319 3451 357 3499 ut
372 3436 579 3502 interfluente
594 3460 689 3503 nmne
699 3414 1075 3502 dirimerentur.lleuter
1086 3450 1193 3497 tamen

136 3558 249 3625 pugne
262 3552 386 3602 tentare
402 3539 564 3603 fortunam
574 3540 693 3621 voluit,
702 3538 809 3602 donec
820 3538 889 3626 ipse
900 3535 1103 3601 Mithridates
1117 3557 1192 3598 cum

136 3638 308 3717 majoribus
333 3641 434 3727 copiis
456 3641 652 3728 supervenit.
676 3642 762 3704 Tum
788 3653 894 3726 coepto
917 3637 1038 3701 circum
1063 3658 1192 3699 amnem

134 3738 258 3824 prelio,
270 3756 372 3826 quum
383 3741 480 3804 rebus
491 3741 645 3805 omnibus
654 3739 1014 3828 imparMuroenaesset,
1029 3753 1195 3801 transcen·

132 3835 251 3901 derunt
265 3861 393 3902 nminem
407 3841 502 3931 regii,
514 3826 758 3930 Romanosque,
776 3840 886 3904 multis
902 3839 1009 3920 cusis,
1023 3839 1058 3903 in
1075 3840 1194 3903 collem

131 3938 302 4025 quemdum
320 3942 483 4005 munitum
500 3965 534 4006 se
549 3944 689 4030 recipere
702 3955 888 4032 coegerunt.

172 4039 276 4103 xvtt.
286 4039 365 4103 Mox
378 4064 450 4130 rege
463 4042 504 4106 sd
515 4042 772 4131 oppugnandum
785 4041 900 4106 collem
913 4041 1076 4130 proiecto,
1087 4063 1192 4129 quum

130 4136 218 4203 locus
240 4139 282 4202 ad
305 4141 518 4205 resistendum
539 4166 654 4231 parum
677 4159 770 4232 aptus
796 4140 976 4221 videretur,
1002 4139 1148 4205 desertus
1170 4162 1191 4202 u

129 4238 271 4307 Murena
289 4261 355 4323 est,
372 4264 555 4333 magnoque
574 4245 697 4326 labore,
711 4243 806 4331 regiis
823 4241 964 4307 subinde
981 4238 1193 4330 carpentibus

163 4438 180 4502 s
193 4442 250 4487 KV.
267 4442 374 4506 Appian.
