2670 5018
238 731 297 799 ΙΝ
328 728 441 797 LOC.
471 727 567 796 LIB.
595 729 783 798 LXXVII
815 730 1032 803 LIVIANI.
1135 734 1177 807 15

94 852 280 916 Minturnas
296 849 441 937 rapitur,
461 864 493 912 et
514 847 614 931 dum,
631 849 711 937 quid
732 851 817 913 facto
841 872 924 939 opus
946 870 1049 935 esset,
1072 862 1177 948 magi.

95 970 209 1017 stratus
229 952 432 1026 deliberant,
454 949 688 1044 custodiendus
708 951 749 1015 ad
768 950 852 1015 aedes
869 954 998 1018 Fanniae
1016 957 1174 1044 mittitur,

95 1080 162 1144 quae
178 1056 226 1120 ob
243 1069 388 1118 veterem
405 1049 566 1119 offensam
581 1053 661 1118 irata
673 1053 779 1118 Mario
796 1052 984 1141 putabatur.

137 1157 311 1222 XXXVII.
329 1156 413 1220 Nam
432 1169 525 1219 sexto
539 1153 608 1234 ejus
624 1155 815 1237 consulatu,
835 1154 1006 1244 repudiata
1024 1180 1042 1220 a
1061 1160 1097 1225 C.
1119 1161 1176 1226 Ti·

96 1261 199 1324 tinnio
219 1259 472 1338 Minturnense,
492 1279 623 1321 causam
641 1255 775 1322 dixerat.
794 1257 960 1322 Titinnius
977 1261 1084 1348 ampla
1099 1260 1177 1330 dote

95 1362 233 1450 spoliare
251 1361 421 1449 cupiverat
438 1359 629 1441 mulierem,
648 1359 858 1448 impudicitiae
877 1360 1014 1425 crimine
1035 1360 1176 1441 objecto.

95 1465 156 1530 Sed
169 1465 313 1542 Marius,
328 1483 424 1526 causa
439 1461 585 1552 cognita,
601 1461 760 1526 Fanniam
778 1462 970 1550 iuquudr'cam
982 1462 1088 1528 villeri
1098 1488 1178 1553 pro·

96 1567 259 1631 nuntiavit
270 1613 279 1647 ‚
291 1559 505 1652 mulctramque
517 1566 549 1626 ei
553 1562 636 1627 dixit
648 1565 819 1628 sesterttitm
835 1585 1000 1633 nwnmum
1009 1588 1021 1629 .·
1030 1566 1178 1632 Titinuio

95 1669 265 1757 pracepit,
281 1681 319 1732 ut
332 1667 437 1731 dotem
455 1666 582 1731 mulieri
599 1669 771 1730 restitueret
776 1690 789 1745 ‚·
804 1665 893 1755 quod
897 1713 906 1745 ,
929 1689 1027 1756 quam
1046 1670 1180 1756 r'mpm'.

95 1792 167 1833 cam
188 1792 252 1833 esse
272 1770 400 1849 scisset,
425 1791 497 1832 eam
513 1770 658 1856 pecuaris
679 1767 845 1832 instillatus
869 1767 1032 1849 duxerat,
1057 1769 1178 1859 diuque

95 1874 298 1935 matrimomo
317 1871 382 1959 ejus
401 1868 609 1958 ustassuerat.
624 1871 748 1935 Fannia
764 1886 873 1935 tamen
890 1869 1041 1936 beneficii
1055 1873 1176 1963 magis,

96 1997 194 2061 quam
206 1972 348 2056 iujuriae,
361 1994 499 2054 memor,
512 1972 776 2060 quibuscumque
787 1971 897 2060 potuit
908 1970 1024 2038 officiis
1035 1972 1175 2054 adjuvit:
1286 2041 1288 2044 ,

98 2076 186 2140 unde
212 2076 335 2140 Marius
358 2074 509 2150 hilarior,
531 2072 711 2138 collaudata
733 2073 877 2138 mulieris
901 2074 1087 2155 voluntate,
1106 2073 1177 2138 fore

96 2179 157 2242 sibi
167 2176 344 2242 reddendae
356 2177 466 2266 gratiae
474 2191 669 2264 potestatem
682 2176 773 2239 laetus
785 2174 991 2264 gestiensque
1006 2173 1176 2263 praedicat:

96 2279 165 2358 ejus
179 2278 269 2342 enim
284 2278 331 2342 rei
348 2294 475 2343 certum
494 2298 529 2341 se
545 2276 648 2341 modo
665 2298 763 2340 omen
780 2275 952 2364 accepisse.

141 2381 329 2446 XXXVIII.
345 2378 453 2444 Pudet
465 2381 586 2444 referre
600 2379 780 2443 vanissime
795 2377 1035 2466 superstitionis
1047 2377 1176 2445 sordes:

99 2484 158 2546 nisi
175 2483 228 2546 vel
249 2481 326 2547 ideo
342 2483 444 2572 magis
459 2497 537 2547 sunt
554 2480 752 2563 referendae,
770 2497 809 2545 ut
823 2480 1058 2571 intelligamus,
1077 2503 1177 2570 quarn

99 2587 185 2675 turpi
207 2584 373 2650 dementia
392 2584 506 2649 orbem
530 2576 691 2649 terrarum
709 2583 883 2648 christiana
904 2582 1073 2671 disciplina
1096 2583 1176 2647 libe·

99 2688 225 2752 raven‘t.
243 2688 324 2752 Post
341 2701 465 2751 tantam
483 2689 593 2751 rerum
607 2686 859 2775 experientiam,
875 2685 924 2748 vir
936 2684 1047 2749 animo
1061 2686 1177 2776 gestis·

98 2811 162 2875 que
176 2788 275 2854 rebus
290 2788 469 2870 maximus,
486 2810 585 2876 quam
604 2788 764 2852 aratione
777 2790 952 2877 impetrare
967 2810 1035 2851 non
1049 2803 1178 2875 poterat
1216 2805 1220 2808 ·

99 2890 364 2979 tranquillitatem
374 2939 383 2972 ,
392 2890 433 2954 ab
445 2891 527 2954 asini
539 2890 660 2955 obtutu
671 2913 709 2955 ac
719 2913 801 2953 voce
811 2890 960 2977 sumpsit.
973 2889 1058 2953 Nam
1072 2913 1176 2977 quum

98 2992 138 3055 ad
162 2993 292 3056 Fanniae
316 2992 454 3057 doum
479 2992 640 3057 adductus
664 3009 733 3057 erat
755 2992 900 3075 Marius,
918 2992 1032 3057 relicto
1055 2992 1177 3081 pabulo

99 3116 316 3183 prorumpens
333 3117 353 3158 e
376 3092 501 3158 loribus
516 3093 654 3175 animal,
673 3117 712 3158 ex
737 3094 873 3158 adverso
893 3094 989 3158 Marii
1008 3095 1156 3160 constitit
1167 3102 1182 3177 ς’

99 3212 131 3259 et
149 3195 270 3261 blande
295 3197 464 3261 hominem
487 3196 647 3278 intuitus,
671 3196 944 3282 luculentamque
965 3194 1109 3277 rudens,
1134 3195 1178 3261 ad

99 3298 242 3362 ricinum
267 3301 394 3363 fontem
415 3300 632 3388 procucurrit.
655 3298 782 3363 Idcirco
798 3299 922 3363 Marius
943 3299 1082 3362 salutem
1098 3320 1177 3386 por-

100 3397 188 3462 tendi
211 3399 315 3481 fanu,
332 3399 476 3465 obserari
489 3401 622 3481 januam
646 3401 809 3484 cubiculi,
828 3418 865 3466 ut
886 3424 921 3465 se
941 3401 1043 3489 quieti
1066 3399 1177 3484 daret,

98 3515 201 3575 tum&
1287 3562 1291 3570 ,

143 3601 304 3667 xxxtx.
321 3604 446 3668 Interea
463 3606 690 3694 magistratus,
704 3608 768 3668 sins
785 3628 877 3668 nwra
890 3605 931 3668 de
946 3605 1050 3667 medlo
1063 3603 1179 3669 tollen-
1291 3632 1297 3645 ·

99 3705 175 3767 dum
195 3727 257 3768 esse
274 3703 427 3786 decreto,
443 3706 615 3771 Cimbrum
633 3704 809 3793 quemdam
824 3705 960 3768 mitttmt
976 3704 1018 3770 de
1034 3705 1181 3793 reliquiis

101 3807 250 3869 marianae
271 3806 436 3888 victorias,
455 3809 512 3895 qui
532 3831 608 3873 eum
626 3806 821 3889 conficeret,
839 3807 930 3894 quod
947 3829 1062 3872 omnes
1081 3810 1178 3897 oppi-

99 3905 176 3970 dani
194 3907 416 3972 misericordia
435 3911 601 3976 clarissimi
620 3910 681 3974 viri
700 3909 823 3974 foedum
840 3908 1012 3974 occidendi
1036 3911 1105 3991 ejus
1124 3911 1181 3974 mi·

100 4010 273 4075 nisterium
298 4011 497 4077 abnuebant.
519 4012 583 4078 Sed
607 4013 680 4094 ille,
704 4012 894 4076 cubiculum
917 4012 1100 4101 ingressus,
1121 4010 1179 4075 ubi

100 4109 241 4176 Marium
267 4135 337 4178 esse
358 4115 530 4203 cognovit,
557 4114 683 4196 abjecto
707 4112 814 4202 gladio
837 4112 1008 4201 profugit,
1039 4113 1180 4176 Marium

133 4331 153 4396 5
166 4333 289 4382 xxm
304 4334 356 4382 biv.
371 4335 438 4399 Epit.
455 4361 488 4372 ·-
497 4334 563 4382 vell.
572 4336 615 4390 11,
629 4349 671 4396 ις.
682 4359 717 4370 -
726 4332 781 4379 vu.
797 4333 867 4381 Max.
877 4334 956 4390 vltt,
967 4349 992 4380 a.
1006 4359 1042 4370 -
1055 4332 1180 4382 Plutarch.
1210 4369 1218 4377 ,

100 4442 135 4452 -
147 4416 165 4480 S
177 4418 315 4467 mvn.
333 4418 457 4468 Plutarch.
469 4417 568 4466 -Vat
583 4419 650 4466 Max.
667 4444 701 4456 -
719 4416 736 4481 §
752 4417 903 4465 xxxvut.
914 4417 969 4464 Val.
983 4418 1051 4466 Max.
1064 4420 1089 4473 1,
1106 4418 1130 4466 5.
1146 4440 1181 4453 ·-

102 4498 228 4546 Plutarch.
