2670 5018
230 729 283 798 ΙΝ
312 727 422 797 Luc.
448 729 541 799 LIB.
568 729 766 799 LXXXVI
794 730 1005 805 LIVIANI.
1082 739 1147 810 163

92 867 149 914 est.
164 850 226 916 llis
247 848 388 938 partium
411 845 610 917 successibus
631 870 734 934 quum
753 849 831 915 nibil
857 855 956 942 magis
977 857 1147 944 obsistere,

93 973 189 1038 quam
205 967 313 1013 metus
330 948 515 1014 italicorum.
527 947 724 1034 populorum
736 949 909 1033 videretur,
927 977 984 1036 nc,
998 958 1082 1025 Sulla
1100 987 1148 1045 re-

90 1073 162 1114 rum
179 1050 306 1137 potito,
325 1048 377 1127 jus
396 1046 531 1111 civitatis
550 1063 583 1111 et
602 1047 832 1137 suffragiorum
851 1075 962 1119 recens
981 1079 1146 1148 acceptum

91 1152 297 1229 amitterent3
314 1149 418 1229 Sulla,
435 1148 556 1229 missis,
573 1171 654 1234 quos
667 1149 753 1237 apud
767 1173 1028 1244 unamquamque
1042 1163 1148 1229 cirita·

91 1267 153 1314 tem
167 1252 276 1314 valere
291 1248 390 1338 gratia
408 1266 441 1313 et
454 1249 643 1313 auctoritate
657 1267 806 1332 noverat,
822 1253 924 1318 foedus
937 1279 1010 1322 cum
1025 1260 1063 1324 iis
1077 1286 1146 1350 per-

89 1353 206 1434 cussit3
223 1368 312 1415 tanta
327 1351 392 1431 jam
405 1352 544 1415 fortunae
561 1373 627 1415 sum
650 1349 780 1432 fiducia,
796 1370 848 1434 ut,
868 1378 886 1419 a
903 1357 1022 1443 quibus
1040 1361 1145 1429 aditus

90 1455 211 1534 luerat,
233 1452 426 1541 litigatores,
446 1453 583 1521 Romam
608 1449 737 1515 differre
759 1452 980 1522 vadimonium
1000 1461 1145 1547 juberet,

91 1577 277 1644 quanquam
292 1552 370 1617 urbs
385 1551 491 1619 adbuc
506 1550 645 1617 adversae
661 1555 807 1621 factionis
822 1560 917 1623 armis
934 1565 1114 1633 tenebatur.

132 1657 172 1720 V.
191 1655 321 1738 Quibus
335 1653 432 1720 rebus
442 1675 545 1742 quum
561 1652 759 1718 exulceratus
774 1657 809 1723 C.
821 1657 914 1722 Marii
928 1665 1070 1730 consulis
1079 1671 1148 1733 ani·

90 1779 161 1822 mus
175 1772 275 1836 esset,
295 1753 482 1818 adolescens
500 1768 639 1841 paternae
656 1755 798 1835 sevitiae,
818 1760 943 1847 scripsit
960 1763 1002 1827 ad
1016 1767 1053 1832 L.
1063 1769 1145 1835 Bru·

90 1874 156 1922 tum
170 1856 419 1944 Damasippum,
436 1868 472 1920 ut
481 1852 617 1918 sullanae
618 1853 781 1942 factionis
787 1861 942 1948 principes
956 1867 1146 1948 trucidaret,

89 1960 174 2023 velut
190 1959 380 2022 imminente
395 1957 461 2036 jam
481 1958 548 2018 fato
565 1956 598 2017 in
617 1972 817 2021 antecessum
834 1960 993 2025 ultionem
1009 1968 1145 2055 rapiens.

89 2061 144 2126 llle
157 2074 352 2123 convocatos
370 2058 402 2120 in
415 2073 579 2137 senatum,
596 2057 686 2142 quasi
702 2056 743 2120 de
757 2059 921 2145 republica
936 2068 1144 2134 consulturus

89 2162 277 2249 (praeturam
301 2161 388 2223 enim
410 2159 567 2223 urbanam
584 2158 752 2245 gerebat),
775 2161 809 2225 C.
824 2162 1004 2228 Carbonem
1020 2191 1143 2257 cogno.

88 2279 196 2326 mento
207 2262 376 2341 Arvinam,
388 2262 493 2324 sirum
504 2259 711 2347 praetorium,
727 2261 867 2324 consulis
878 2263 1008 2329 fratrem
1020 2286 1146 2354 patrue.

88 2363 165 2442 lem,
182 2379 213 2426 et
232 2362 268 2427 P.
281 2362 456 2427 Antistium
473 2383 619 2425 socerum
634 2360 694 2423 Cn.
708 2360 852 2448 Pompeii
864 2362 897 2426 in
909 2365 998 2428 curia
1010 2367 1143 2441 Hostilia

87 2463 264 2528 trucidavit.
285 2464 320 2527 L.
331 2463 493 2526 Domitius
508 2462 635 2551 fugiens
651 2461 734 2526 circa
749 2462 834 2526 sores
855 2464 1067 2554 interemptus
1084 2489 1141 2536 est.

88 2562 126 2644 Q.
138 2563 266 2627 Mucius
275 2562 414 2628 Scaevola
427 2563 571 2651 pontifex
582 2563 756 2644 maximus,
769 2563 817 2626 vir
827 2563 1049 2633 laudatissimae
1059 2573 1141 2655 vitae,

86 2663 124 2728 ad
135 2665 333 2731 vestibulum
350 2665 451 2728 Vestae
465 2665 672 2752 confugeram
690 2662 747 2727 sed
767 2662 892 2729 adoras
908 2670 1050 2752 occisus,
1069 2697 1141 2739 san.

86 2767 180 2854 guine
205 2788 267 2830 sno
290 2766 497 2830 simulacrum
520 2765 685 2851 respersit,
710 2780 748 2827 ut
770 2764 865 2829 inane
887 2790 1026 2850 numen,
1051 2789 1083 2837 et
1106 2776 1137 2843 in

85 2882 166 2930 tanta
179 2866 310 2930 infamia
323 2865 455 2953 pudoris
465 2886 588 2952 expers,
600 2886 715 2929 cruore
724 2865 836 2931 saltem
846 2866 1004 2935 indefensi
1014 2873 1137 2943 clientis

84 2966 293 3031 erubesceret.

124 3070 180 3132 Vl.
204 3071 232 3131 A
255 3068 321 3132 suis
344 3065 476 3154 quidem
500 3063 679 3128 cultoribus
701 3066 744 3129 ita
765 3082 988 3155 contemptum
1010 3090 1075 3150 est,
1100 3095 1135 3143 ut

84 3191 209 3256 percos
233 3168 364 3231 minime
387 3166 525 3247 steterit,
546 3188 613 3252 quo
633 3166 740 3241 minus
764 3168 796 3229 in
818 3169 893 3256 ipsis
918 3175 1135 3259 penetralibus

83 3286 253 3350 mactatus,
277 3270 508 3358 sempiternum
532 3266 622 3331 illum
645 3267 814 3332 horrendse
837 3264 999 3357 religionis
1023 3276 1131 3364 ignem

81 3373 233 3459 sanguine
250 3393 310 3433 suo
319 3370 548 3458 vestingueret.
565 3368 679 3455 Neque
691 3371 822 3435 satiatus
841 3371 980 3439 caedibus
998 3396 1131 3464 praetor,

80 3472 110 3535 ni
122 3471 301 3535 ludibrium
316 3471 411 3536 etiarn
425 3469 603 3535 crudelitati
616 3469 796 3554 adjecisset,
811 3489 962 3537 truncum
976 3478 1132 3545 Carbonis

79 3595 193 3662 corpus
209 3571 356 3660 patibulo
377 3571 525 3652 affixum,
547 3571 784 3660 circumgestari
804 3574 916 3654 jussit3
940 3593 1129 3648 caeterorum

78 3697 207 3762 quoque
230 3695 367 3761 corpora
385 3696 442 3761 per
461 3670 641 3737 carnificem
658 3695 744 3735 unco
766 3689 880 3752 tracta,
898 3690 995 3761 atque
1011 3679 1042 3749 in
1060 3705 1129 3746 am.

78 3798 148 3838 nem
160 3774 283 3854 abjecta
292 3791 380 3839 sunt.
388 3775 476 3838 Uxor
486 3774 612 3839 Antistii
627 3774 799 3862 Calpurnia
810 3775 920 3838 Bestiae
932 3774 1011 3858 filia,
1025 3803 1129 3867 quum

77 3878 113 3939 de
131 3901 208 3942 casu
234 3877 341 3940 mariti
363 3877 578 3965 cognovisset,
604 3875 709 3965 gladio
732 3877 933 3962 semetipsmu
953 3877 1125 3952 interemit.

75 3979 156 4044 llum
172 3978 216 4044 ad
232 3980 324 4042 bunc
340 3977 474 4041 modurn
486 3976 592 4059 ltalia,
608 3993 786 4064 caeteraque
799 3977 954 4066 Europae,
968 3979 1126 4059 bellorrmr

101 4183 117 4247 5
130 4184 161 4234 V.
175 4179 302 4232 Plutarch.
317 4179 343 4226 iu
356 4180 418 4226 Mar.
431 4195 485 4244 cap.
497 4182 543 4234 80.
556 4191 580 4228 et
592 4181 678 4244 Pomp.
690 4195 743 4244 cap.
753 4179 795 4229 25.
812 4206 845 4216 -
862 4180 914 4228 biv.
927 4181 992 4246 Epir,
1010 4210 1045 4221 ..
1062 4187 1125 4237 ppo„

72 4266 211 4327 utac-
220 4267 299 4313 (tros.
313 4290 348 4299 -
357 4264 410 4312 l'al.
424 4265 636 4322 Max.1X,2.—
646 4264 754 4328 Appias.
766 4291 801 4300 —
812 4263 875 4311 Veli.
884 4266 926 4324 11,
937 4266 979 4313 as.
989 4294 1023 4304 -
1032 4269 1084 4317 (210,
1094 4273 1125 4321 ,d

71 4351 145 4402 hail.
158 4353 214 4411 1¹,
230 4363 282 4404 ar,
301 4358 325 4393 et
338 4345 369 4393 de
382 4348 449 4395 Orat.
463 4348 514 4404 111,
529 4347 552 4396 3.
570 4373 604 4384 -
619 4345 722 4395 Diodor.
738 4347 840 4411 npvat.
859 4373 895 4385 -
913 4350 1016 4412 August.
1029 4351 1059 4400 de
1070 4353 1124 4406 civ.

70 4432 119 4490 liti,
134 4437 186 4494 111,
198 4433 244 4481 ¹8.
258 4455 294 4467 --
306 4429 394 4477 Lucan.
407 4431 445 4486 11,
458 4445 480 4475 v.
494 4429 549 4478 rab.

894 4546 950 4592 ll.

968 4605 974 4617 t
