2670 5018
258 728 313 796 m
344 728 458 795 noc.
487 730 577 795 mn.
606 700 815 797 rstxxru
846 733 1059 803 nivium.
1128 735 1192 805 125

130 852 252 929 l'acere,
268 865 301 912 et
319 849 386 937 pati
403 847 555 912 dicerent.
573 849 714 913 Classem
731 850 827 913 etiam
847 850 1066 936 instruebant,
1083 856 1193 920 accitis

131 953 262 1038 insuper
278 973 296 1013 e
314 950 421 1013 Sicilia
438 950 588 1029 navibus,
608 973 764 1037 oramque
782 973 913 1013 omnem
931 954 1121 1018 maritimam
1135 980 1193 1019 ‹nr-

130 1052 327 1115 stodiebant:
340 1067 431 1114 metu
441 1067 475 1115 ct
484 1051 675 1138 cupiditate,
687 1052 818 1115 duobus
830 1052 1030 1118 validissimis
1041 1057 1193 1141 stimulis,
1287 1044 1296 1057 ¹

131 1154 207 1216 nihil
217 1152 259 1217 ad
272 1153 505 1216 exactissimam
522 1151 720 1242 diligentiam
738 1153 854 1240 reliqui
872 1154 976 1216 facere
991 1157 1192 1244 cogentibus.

170 1256 264 1318 Xlll.
277 1253 393 1343 Igitur,
410 1255 616 1340 quantumvis
630 1256 662 1317 in
674 1255 808 1318 arbitrio
823 1272 952 1318 senatus
962 1278 995 1319 se
1005 1256 1074 1319 fore
1089 1259 1194 1323 Cinna

131 1357 336 1441 promiserat,
351 1355 385 1419 id
402 1355 500 1419 modo
514 1371 698 1444 exspectans
713 1356 882 1443 temporis,
897 1356 976 1420 dum
992 1358 1086 1446 legati
1102 1359 1196 1445 profi·

131 1456 338 1536 ciscerentur,
353 1456 394 1520 ad
408 1457 574 1545 ingenium
593 1456 704 1536 rediit3
720 1474 752 1521 et
763 1446 837 1545 quia
855 1481 922 1521 non
941 1459 1038 1522 unius
1054 1461 1132 1522 anni
1147 1460 1194 1523 la·

132 1556 240 1621 borem
252 1581 287 1622 se
297 1559 461 1646 suscipere
470 1558 681 1646 intelligebat,
696 1581 795 1645 seque
808 1574 840 1622 et
851 1559 1032 1622 Carbonem
1044 1560 1193 1623 consules

133 1657 162 1719 in
172 1656 344 1721 biennium
358 1660 491 1740 crearit,
503 1682 545 1721 ne
556 1659 764 1722 comitiorum
778 1682 872 1722 causa
890 1659 1006 1722 reverti
1021 1660 1055 1722 in
1071 1661 1193 1723 Urbem

133 1780 297 1823 necessum
314 1760 480 1824 haberent
495 1759 664 1847 Quidquid
679 1760 797 1824 deinde
809 1783 924 1849 cogere
937 1761 1077 1825 militurn
1090 1761 1194 1826 unde·

132 1857 379 1948 libetpoteraut,
390 1861 423 1924 in
434 1861 595 1925 Liburnos
604 1861 856 1948 praemittebant,
867 1860 957 1948 quod
968 1860 1044 1924 inde
1054 1862 1193 1926 maxime

132 1959 312 2026 advenienti
321 1963 416 2027 Sullae
427 1964 660 2027 constituerant
668 1985 848 2028 occurrere.
860 1964 902 2026 Et
908 1963 1051 2049 primum
1059 1962 1192 2050 quidem

133 2062 368 2145 premissorum
384 2086 498 2152 agmen
509 2086 666 2153 prospero
683 2086 781 2127 cursu
792 2063 959 2142 trajectum
969 2081 1036 2127 est:
1055 2086 1192 2152 sequens

133 2174 317 2250 tempestate
332 2163 373 2227 ad
386 2165 477 2228 litora
487 2165 657 2246 rejectum3
667 2165 864 2252 militesque,
875 2165 1082 2228 exscensione
1095 2165 1192 2244 facta,

133 2260 248 2326 bellum
265 2265 358 2328 civile
374 2264 535 2346 detestati,
546 2289 619 2330 suas
635 2267 773 2354 quisque
786 2265 902 2328 domos
919 2267 1147 2354 repetiverunt.
1194 2267 1196 2270 ’

171 2365 259 2429 xlv.
285 2367 391 2445 llujus
407 2367 453 2430 rei
471 2369 553 2430 fama
569 2391 671 2454 quum
691 2367 752 2430 late
770 2389 878 2453 sparsa
896 2381 997 2445 esset,
1011 2364 1076 2443 jam
1094 2387 1192 2428 nemo

132 2467 274 2555 erat,qui
282 2467 501 2532 conscendere
509 2490 623 2532 navem
631 2470 736 2532 vellet.
749 2467 875 2532 ldcirco
892 2468 1013 2546 Cinna,
1020 2466 1085 2546 jam
1100 2489 1194 2553 quar·

133 2581 197 2631 tum
214 2569 346 2648 consul,
363 2570 546 2650 Anconam,
557 2569 613 2632 ubi
627 2592 751 2658 magnae
762 2584 963 2658 congregatae
973 2568 1072 2656 copiae
1084 2584 1192 2648 erant,

132 2670 282 2752 accurrit,
301 2687 339 2733 ut
357 2669 471 2732 minaci
491 2671 637 2733 oratione
660 2671 806 2749 territos,
821 2671 872 2733 vel
895 2669 1011 2732 invitos
1035 2669 1068 2730 in
1095 2691 1191 2732 naves

134 2769 321 2857 imponeret.
334 2769 504 2835 Nesciebat
516 2771 587 2846 ille,
601 2793 658 2833 sua
669 2771 786 2858 suique
795 2771 950 2833 similium
961 2792 1058 2857 opera
1070 2786 1191 2835 tantam

133 2892 196 2933 esse
209 2872 325 2935 factam
337 2893 466 2934 morum
476 2870 736 2959 depravationem
748 2919 758 2952 ,
771 2888 808 2935 ut
818 2871 922 2934 occidi
935 2894 952 2933 a
963 2869 1117 2934 militibus
1130 2872 1192 2934 im·

134 2986 329 3055 peratorem,
342 2970 418 3058 quia
433 2993 554 3033 norum
571 2994 637 3034 non
656 2987 737 3051 erat,
751 2994 792 3035 ne
809 2993 964 3059 magnum
978 2971 1111 3058 quidem
1130 2974 1190 3035 cri·

133 3093 202 3134 men
212 3072 397 3137 haberetur.
407 3072 506 3136 Erant
518 3088 633 3161 praeter
647 3072 721 3136 alias
733 3095 844 3136 causas
859 3072 1038 3136 exacerbati
1054 3075 1193 3137 militum

135 3174 247 3254 animi,
264 3173 354 3261 quod
370 3173 543 3260 Pompeius
564 3173 767 3256 adolescens,
784 3197 888 3262 quum
907 3174 941 3235 in
960 3191 1062 3237 castra
1079 3175 1192 3237 Cinnae

134 3273 240 3339 luisset
268 3276 452 3363 profectus,
475 3275 685 3355 calumniam,
707 3291 740 3339 et
766 3299 805 3339 ex
829 3275 988 3337 calumnia
1011 3275 1190 3361 periculum

133 3375 272 3464 lugiens,
284 3377 451 3467 ignoratus
466 3399 501 3440 se
516 3375 918 3461 subduxerat3militesque
933 3374 1015 3438 clam
1028 3374 1191 3438 sublatum

133 3480 386 3565 suspicabantur.

173 3581 244 3644 XV.
268 3581 321 3644 Sic
338 3580 528 3644 exacerbatis
545 3577 747 3643 multitudini
766 3600 870 3664 quum
884 3598 918 3640 se
935 3577 1039 3639 Cinna
1055 3573 1192 3653 objecis-

133 3698 195 3761 set,
207 3682 292 3744 lorte
303 3681 436 3764 accidit,
453 3697 490 3744 ut
504 3681 609 3761 lictor,
627 3680 707 3744 dum
727 3680 761 3743 in
781 3679 972 3742 concionem
993 3691 1093 3741 eunte
1112 3700 1191 3742 con·

133 3783 198 3858 sule
207 3782 337 3845 turbam
346 3781 535 3858 submovet,
545 3781 681 3844 militem
692 3779 904 3866 contemptim
913 3778 1114 3841 resistentem
1122 3781 1193 3867 pul·

134 3899 228 3965 saret,
249 3883 456 3970 vicissimque
479 3884 519 3946 ab
540 3883 602 3945 alio
623 3882 724 3945 milite
744 3895 978 3968 percuteretur.
1003 3879 1068 3964 lbi,
1087 3903 1191 3967 quum

133 4007 281 4049 accensus
294 3985 340 4047 ira
350 3984 465 4047 consul
474 4005 697 4071 percussorem
706 3981 825 4068 corripi
832 3981 977 4061 juberet,
988 3979 1052 4042 hoc
1063 3980 1192 4044 initium

134 4084 381 4161 tumultusfuit3
399 4083 590 4170 sublatoque
606 4083 745 4147 clamore
759 4081 928 4162 omnium,
942 4080 1062 4168 lapides
1078 4082 1194 4161 conjici

167 4308 254 4373 §HL
268 4310 322 4356 Lis.
337 4308 403 4370 Epit.
413 4307 563 4370 -Appiam
580 4330 611 4341 -
625 4303 641 4369 ς
655 4305 725 4354 1111.
738 4305 792 4352 biv.
805 4305 871 4368 Epit.
887 4330 923 4340 -
935 4302 952 4367 S
964 4303 1035 4351 xlv.
1045 4303 1076 4350 U.
1086 4303 1114 4352 C.
1127 4305 1194 4361 668;

133 4396 161 4441 Α.
174 4394 201 4442 C.
213 4395 256 4448 lit.
268 4418 304 4430 ·-
322 4393 394 4438 Δηοῖ.
406 4389 437 4437 de
445 4390 498 4435 Vir.
513 4388 548 4436 ill.
563 4403 616 4451 cap.
631 4386 674 4450 69.
686 4415 719 4425 -
728 4387 835 4451 Appian.
847 4414 881 4424 -
888 4384 941 4434 Idi.
952 4386 1017 4450 Epit.
1028 4413 1062 4422 -
1071 4385 1194 4434 Plutarch.

133 4479 156 4523 in
167 4479 254 4540 Pomp.
264 4492 320 4539 cap.
332 4475 356 4521 8.
368 4500 402 4509 -
414 4474 501 4519 Zonar.
