2670 5018
205 722 262 791 IN
294 721 410 790 LOC.
439 723 532 791 LIB.
560 724 745 791 LXXXII
777 723 998 794 LIVIANI.
1079 748 1145 821 107

65 841 280 907 incommoda
298 841 410 914 labore
429 841 633 907 emendanda
651 859 758 925 ratus,
775 843 876 908 fossas
893 846 926 908 in
941 863 1081 934 utroque
1099 849 1146 910 la·

67 961 133 1009 tere
152 945 340 1034 complures
360 945 506 1010 instituit
526 945 661 1028 ducere,
678 945 792 1010 decem
813 948 847 1009 in
863 947 1034 1012 latitudine
1053 950 1147 1037 pedi·

68 1047 128 1113 bus
152 1063 322 1135 patentes,
349 1062 382 1111 et
404 1048 438 1111 in
460 1047 621 1136 capitibus
639 1069 750 1110 earum
772 1049 900 1112 castella
920 1051 1145 1114 communivit.

68 1148 245 1237 Triplioenr
266 1147 386 1212 deinde
405 1146 554 1236 peditum
575 1150 677 1212 aciem
700 1149 793 1229 fecit,
814 1150 991 1213 intervallis
1007 1152 1146 1234 relictis,

71 1273 126 1338 per
137 1273 213 1338 quae
226 1251 388 1338 equitem,
405 1273 505 1338 quem
521 1251 700 1315 novissimo
717 1252 790 1315 loco
804 1252 953 1335 tenebat,
968 1253 1025 1315 ubi
1039 1255 1145 1317 risum

72 1369 173 1434 esset,
196 1354 381 1433 emitteret3
408 1350 528 1416 deinde
555 1352 774 1442 antesignanis
799 1351 950 1419 secundae
974 1354 1054 1417 aciei
1083 1354 1147 1416 im·

72 1455 213 1542 perarit,
236 1471 275 1518 ut
298 1455 453 1519 robustos
480 1453 665 1542 densosque
692 1454 781 1541 palos
808 1451 943 1519 firmiter
966 1454 999 1516 in
1027 1469 1146 1519 terram

74 1555 261 1646 defigerent.

113 1657 222 1722 XXX.
243 1656 346 1740 Quod
362 1658 420 1723 ubi
439 1661 643 1739 factumest,
661 1675 693 1722 et
709 1658 749 1722 ab
767 1659 932 1748 regiorum
949 1659 1016 1723 acie
1033 1659 1146 1723 conci-

75 1760 128 1823 tati
147 1783 265 1824 currus
282 1761 513 1848 provolarunt,
531 1763 615 1825 intra
633 1761 784 1849 palorum
802 1776 890 1848 septa
910 1761 1032 1848 recepit
1048 1782 1147 1840 suos,

75 1861 246 1950 statimque
263 1863 392 1926 sublato
409 1863 568 1946 clamore,
585 1863 696 1927 velites
714 1879 746 1927 et
763 1864 866 1927 levem
883 1878 1078 1926 armaturam
1092 1862 1145 1931 in-

75 1983 182 2049 gerere
195 1962 258 2026 tela
265 1962 371 2042 jussit.
384 1963 487 2028 Erant
499 1962 540 2027 ad
552 1980 709 2027 terrorem
725 1981 909 2053 comparata
922 1965 1049 2045 omnia3
1064 1962 1147 2029 nihil

76 2065 226 2128 usitatum
242 2082 418 2148 notumve,
440 2066 497 2131 sed
516 2067 551 2129 in
571 2064 686 2129 mediis
702 2066 823 2154 campis
839 2067 937 2132 velut.
945 2066 1054 2129 subito
1070 2087 1147 2128 ena·

76 2180 140 2229 tum
159 2166 299 2248 vallum,
322 2190 479 2232 conversa
497 2168 531 2231 in
556 2168 651 2231 aliam
674 2166 814 2230 formam
837 2167 937 2249 acies,
962 2167 1091 2231 insolita
1112 2183 1146 2236 et

76 2269 238 2357 inopinata
251 2286 395 2334 monstra
407 2271 633 2334 occurrebant.
646 2269 724 2333 Pars
742 2268 974 2357 quadrigarum
991 2268 1144 2356 implicita

75 2371 149 2458 pulle
160 2371 274 2454 laesit,
288 2372 356 2435 aliae
372 2373 537 2436 conversis
550 2371 686 2436 habenis
704 2371 740 2433 in
756 2393 833 2434 suos
848 2385 1051 2435 recurrentes
1065 2370 1146 2457 pha·

76 2470 198 2560 hngem
219 2472 428 2561 dissiparunt.
449 2475 576 2538 interea
594 2496 715 2561 quum,
738 2473 904 2560 equitibus
923 2472 1072 2540 Archelai
1091 2471 1144 2534 in·

77 2575 320 2657 cumbentibus,
340 2575 452 2664 quiad
469 2599 567 2665 opera
584 2590 675 2640 erant
691 2575 809 2639 milites
826 2575 1054 2654 turbarentur,
1076 2597 1144 2636 me·

78 2691 190 2765 tusque
201 2676 243 2741 ad
255 2678 358 2741 aciem
370 2677 464 2741 etiam
477 2678 572 2742 Sullae
586 2677 803 2765 pervenisset,
815 2676 868 2739 ille
879 2698 915 2739 ex
927 2696 1012 2762 equo
1023 2673 1144 2755 desilit,

75 2794 290 2866 correptoque
308 2779 402 2867 signo
420 2778 452 2841 in
476 2780 599 2867 primos
618 2777 751 2843 ordines
770 2799 986 2865 procurrens,
1005 2776 1142 2859 «Quum

76 2875 233 2960 «deinde,
267 2879 395 2966 inquit,
422 2879 723 2970 interrogabimini,
751 2878 807 2942 ubi
835 2879 1064 2968 imperatorem
1086 2902 1143 2943 ve·

75 2994 197 3044 «strum
227 2978 453 3062 deserueritis,
484 2997 681 3046 mementote
712 2981 839 3063 dicere,
871 2996 1072 3071 pugnantem
1101 2979 1142 3043 ad

76 3081 344 3145 «Orchomenum
355 3113 378 3146 ν.

115 3183 238 3247 XXXI.
255 3184 332 3247 Haec
345 3184 400 3248 illo
414 3185 589 3267 clamante,
607 3186 732 3249 tribuni
746 3185 1021 3273 centurionesque
1035 3207 1144 3248 accur·

75 3302 197 3367 rerunt,
210 3286 329 3349 milites
344 3309 477 3374 quoque
490 3287 584 3350 multi
595 3286 726 3375 sequuti
738 3302 830 3367 sunt,
843 3301 902 3353 eta
912 3284 1026 3348 dextro
1039 3308 1143 3349 cornu

74 3385 205 3475 integrae
220 3386 372 3451 cohortes
389 3386 461 3451 duae
478 3388 654 3452 affuerunt.
674 3388 720 3451 Ita
740 3387 878 3475 repulsis
894 3387 1061 3467 hostibus,
1078 3386 1143 3449 col-

74 3487 218 3552 laudatos
231 3489 349 3553 milites
365 3489 512 3572 reduxit3
526 3490 706 3579 cibumque
716 3512 846 3578 capere,
860 3506 893 3552 et
908 3489 1036 3553 refectis
1051 3510 1145 3575 pran-

73 3585 127 3650 dio
142 3590 286 3673 viribus,
300 3589 340 3654 ad
356 3613 439 3680 opus
455 3592 570 3655 reverti
579 3591 684 3671 jussit.
699 3593 784 3654 'Ium
795 3613 873 3653 vero
888 3591 1008 3653 iterum
1024 3587 1142 3651 invecti

74 3706 150 3754 sunt
163 3690 310 3755 hostium
322 3693 465 3779 equites,
483 3716 550 3756 non
569 3691 805 3781 incomposito,
821 3707 858 3753 ut
874 3706 983 3772 antea,
1003 3690 1145 3776 impetu,

73 3789 128 3852 sed
139 3792 272 3855 serratis
286 3790 469 3857 ordinibus.
484 3794 541 3856 His
556 3816 729 3858 romanum
743 3792 925 3879 equitatum
940 3791 1027 3856 Sulla
1043 3813 1145 3879 oppo-

73 3892 150 3973 suit,
169 3893 238 3981 ipse
254 3915 395 3981 praesens
412 3895 574 3977 hortator,
592 3911 625 3959 et
641 3911 708 3958 tota
725 3894 807 3974 acie,
828 3893 885 3956 ubi
905 3894 1043 3957 maxime
1060 3914 1144 3980 opus

73 4011 154 4075 erat,
169 4017 205 4059 se
219 3982 382 4077 offerens,
397 3995 503 4060 donec
519 3998 647 4087 egregia
663 3998 782 4059 iterum
794 3995 929 4059 victoria
943 3996 1083 4083 potitus,
1101 3993 1143 4058 ad

73 4094 259 4180 quindecim
276 4096 422 4160 bostium
440 4097 557 4178 millia,
576 4100 731 4180 majorem
752 4113 877 4185 partem
900 4097 1044 4184 equites,
1058 4112 1090 4159 et
1108 4096 1142 4158 in

73 4194 119 4259 his
135 4196 321 4286 Diogenem
339 4199 486 4262 Archelai
505 4199 712 4288 privignum,
732 4199 859 4263 cecidit.

102 4420 117 4485 §
132 4422 235 4470 xm.
249 4419 373 4468 Plutarch.
383 4446 417 4456 -
426 4420 537 4484 Appiae.
548 4447 584 4457 ·-
594 4423 677 4471 Front.
691 4448 724 4458 -
734 4421 749 4486 S
762 4422 846 4468 XXX.
859 4419 982 4468 Plutarch.
992 4445 1025 4456 -
1035 4416 1144 4482 AppIan.

72 4530 103 4539 -
113 4506 199 4554 Front.
215 4506 260 4564 11,
277 4505 292 4552 3
308 4515 334 4552 et
349 4505 373 4552 8.
387 4530 421 4541 ·-
433 4505 562 4564 Orosvl,
577 4520 601 4553 a.
