2670 5018
181 750 186 769 ’
263 768 317 836 ru
349 767 1055 845 Loc.1.113.Lxxx1xl.1vtIN1.
1128 799 1196 874 207

124 886 368 953 -demonstrari
385 909 501 976 posse:
519 905 672 953 caeterum
691 905 730 953 ut
747 890 887 953 maxime
910 892 954 955 ita
973 915 1024 959 res
1047 895 1198 981 haberet,

123 989 283 1054 «missum
298 991 436 1078 seprius
450 990 655 1079 triumphum
667 990 785 1073 facere,
802 1014 900 1079 quam
915 1010 953 1057 ut
962 995 1117 1063 militibus
1128 1001 1196 1066 suis

123 1122 136 1149 ι
145 1090 335 1157 aduletur.»
351 1093 467 1157 Fasces
484 1092 604 1156 deinde
619 1094 780 1157 laureatos
796 1092 915 1174 objecit
930 1097 1047 1160 acriter
1062 1099 1197 1191 increpi-

123 1194 181 1275 tis,
195 1194 238 1259 ab
262 1195 395 1260 illorum
412 1194 595 1283 direptione
611 1195 729 1274 jubens
747 1195 899 1283 incipere.
917 1199 986 1262 IIac
1001 1203 1195 1270 verecundia
1210 1198 1215 1229 ¹

123 1316 226 1382 quum
242 1294 286 1360 ad
299 1295 491 1361 modestiam
509 1318 564 1360 eos
583 1296 774 1385 redegisset,
791 1297 825 1360 in
842 1298 955 1378 majori
972 1302 1120 1366 omnium
1138 1303 1195 1369 ad·

123 1396 316 1480 miratione,
332 1420 431 1486 qrram
447 1397 491 1462 ob
507 1413 556 1461 tot
569 1420 619 1462 res
633 1397 719 1462 bello
736 1414 860 1487 gestas,
879 1400 959 1482 fuit,
976 1401 1195 1495 Serviliusque

122 1498 304 1587 praecipuus
328 1515 422 1564 antea
444 1498 584 1588 negandi
609 1498 768 1589 triumphi
787 1516 918 1582 auctor,
937 1503 1192 1591 pulcherrimum

120 1599 150 1661 ci
166 1600 393 1665 testimonium
409 1599 568 1682 reddidit,
581 1623 666 1695 nunc
681 1625 757 1666 vero
778 1625 810 1666 se
829 1602 1013 1693 Pompeium
1028 1630 1103 1672 vere
1116 1611 1192 1677 Ma-

117 1721 241 1785 gnum,
258 1701 475 1791 triumphoque
488 1701 705 1790 dt'gnt’ssImum
723 1726 897 1792 agnoscere.
921 1706 989 1770 Sub
1005 1707 1091 1773 idem
1108 1727 1192 1776 tem·

119 1824 182 1890 pus
205 1803 243 1867 C.
271 1802 446 1875 Norbanus
473 1805 652 1868 consularis
675 1806 893 1894 proscriptus,
914 1829 1018 1895 quum
1035 1810 1190 1877 Ilhodum

119 1903 313 1985 trajecisset,
326 1921 424 1993 atque
437 1905 592 1993 repetitus
606 1929 625 1970 a
637 1905 726 1971 Sulla
739 1907 1090 1996 comprehenderetur,
1106 1913 1192 1979 Rho·

118 2004 180 2070 diis
197 2006 307 2071 adhuc
324 2005 597 2088 deliberantibus,
614 2007 649 2070 iu
665 2006 773 2071 medio
791 2008 864 2073 Ioro
883 2033 917 2074 se
932 2010 1107 2079 interemit.

162 2109 320 2172 XXXIII.
348 2109 463 2196 Neque
491 2108 578 2172 enim
603 2107 712 2173 adhuc
734 2110 1009 2198 proscriptionum
1034 2114 1189 2181 acerbitas

117 2210 214 2298 plane
231 2212 483 2299 conquieverat3
500 2226 533 2273 et
550 2211 709 2290 Mutilus,
725 2233 812 2274 unus
829 2233 868 2275 ex
883 2214 1090 2301 proscriptis,
1106 2219 1188 2282 clam

116 2311 221 2398 mpite
233 2310 391 2401 adoperto
401 2310 443 2375 ad
456 2310 540 2375 aedes
554 2312 666 2376 Rastia
678 2313 789 2376 uxoris
803 2336 906 2400 quum
923 2317 1120 2399 accessisset,
1135 2319 1189 2385 sd·

117 2413 234 2478 missus
252 2413 387 2476 minime
402 2429 467 2494 est,
490 2412 580 2501 quod
604 2413 696 2477 illum
721 2413 838 2477 mulier
857 2416 1076 2504 proscriptum
1099 2418 1188 2484 dioe-

116 2529 183 2596 ret;
201 2514 313 2601 itaque
328 2537 362 2578 se
378 2514 569 2595 translodit,
589 2530 622 2577 et
639 2515 797 2604 sanguine
817 2538 878 2580 suo
902 2516 987 2582 fores
1011 2521 1120 2584 uxoris
1136 2544 1187 2587 re·

114 2617 240 2703 apersit.
256 2618 343 2680 Tum
357 2617 454 2680 etiam
468 2617 569 2698 Nola,
585 2639 657 2704 quae
669 2633 833 2704 postrema
844 2619 977 2683 urbium
987 2621 1186 2688 Samnitibus

115 2716 310 2781 insessurum
324 2718 578 2806 pertinacissime
594 2739 683 2782 arma
699 2719 877 2800 retinebat,
893 2719 1078 2808 proditione
1092 2740 1185 2812 capta

113 2834 181 2899 est,
196 2819 243 2883 Μ.
260 2820 394 2884 AEmilio
408 2820 530 2908 Lepido
543 2820 729 2884 intromisso
741 2846 751 2902 3
768 2843 868 2908 reque
880 2822 1028 2910 cognita,
1040 2823 1183 2907 obsessi,

112 2921 188 3006 quis
206 2921 407 2986 Samnitibus
422 2923 509 2986 nulla
521 2945 594 3011 spes
608 2923 718 2986 salutis
733 2922 822 3011 apud
837 2925 958 2988 Sullam
975 2927 1084 2991 relicta
1098 2944 1184 3010 erat,

112 3022 179 3086 suis
194 3039 252 3087 aut
270 3047 405 3088 suorum
423 3024 534 3114 gladiis
550 3041 753 3114 occuparunt
766 3047 899 3089 necem:
916 3026 1047 3113 quidam
1061 3030 1183 3117 laqueis

112 3126 276 3211 prefocati
296 3144 393 3208 sunt3
415 3127 467 3190 alii
486 3128 611 3192 foribus
634 3127 772 3191 occlusis
794 3125 910 3191 domos
928 3150 1027 3216 seque
1047 3153 1182 3194 concre-

113 3244 263 3293 marunt:
281 3227 465 3317 eodemque
486 3244 633 3316 tempore
646 3243 763 3292 ventus
779 3243 912 3291 exortus
928 3229 1122 3311 vehemens,
1138 3230 1182 3294 ita
1303 3292 1308 3300 ,

111 3326 237 3393 distulit
257 3330 468 3410 incendium,
494 3347 531 3394 ut
554 3329 676 3418 oppido
699 3327 937 3417 conflagrante,
959 3330 1065 3393 omnis
1085 3331 1182 3394 simul

110 3428 218 3515 preda
235 3432 451 3496 amitteretur.

153 3531 311 3596 XXXIV.
329 3535 374 3618 ⁴At
388 3532 423 3596 L.
441 3531 629 3619 Sulla,.quo
645 3532 767 3595 Urbem
791 3547 823 3595 et
838 3531 962 3594 ltaliam
982 3555 1047 3595 suoe
1064 3532 1180 3596 factio·

110 3630 159 3695 nis
186 3632 377 3697 bominibus
400 3634 492 3720 quasi
517 3631 729 3722 compedibus
755 3633 876 3696 vinctas
902 3649 1048 3713 teneret,
1067 3632 1178 3699 decem

109 3733 208 3797 millia
221 3756 409 3816 servorum,
428 3750 519 3798 aetate
535 3756 573 3798 ac
588 3735 711 3799 viribus
725 3733 990 3798 florentissimum
1014 3758 1179 3825 quemque

109 3837 316 3918 manumisit,
338 3837 394 3925 qui
417 3837 502 3900 inter
524 3838 608 3900 cives
631 3835 802 3924 adscripti,
823 3834 864 3898 de
882 3837 1014 3899 nomine
1029 3839 1176 3925 patroni,

109 3938 156 4000 uti
172 3960 244 4003 mos
261 3954 347 4022 erat,
366 3937 503 4002 Cornelii
516 3955 593 4002 sunt
616 3938 773 4027 appellati.
800 3938 884 4027 Lege
901 3936 1019 4002 deinde
1037 3941 1177 4008 comitiis

110 4039 296 4104 centuriatis
309 4039 388 4120 lata,
401 4038 587 4127 municipiis
601 4040 764 4127 plerisque
780 4039 941 4103 civitatem
955 4056 987 4103 et
1000 4063 1093 4130 agros
1106 4042 1179 4109 ade·

110 4140 188 4204 mit:
203 4139 375 4228 adscripsit
391 4157 498 4205 tamen
516 4141 548 4203 in
568 4140 713 4205 eamdem
728 4141 832 4229 Iegem
842 4188 852 4221 ,
864 4142 894 4203 si
899 4141 978 4228 quid
977 4143 1036 4230 jus
1052 4166 1115 4206 non
1131 4167 1176 4208 es-

108 4259 153 4304 sct
167 4247 293 4332 rogari,
316 4243 383 4331 «pits
400 4268 440 4307 ro
457 4243 525 4331 Iege
544 4242 679 4307 nihilum
694 4258 849 4331 rogatum.
869 4244 916 4306 Ita
931 4259 1030 4330 caput
1042 4243 1083 4308 de
1097 4245 1175 4309 ciri-

141 4457 281 4519 §XXXIL
295 4459 361 4508 rtur.
374 4488 407 4496 -
418 4458 574 4524 Fronte-s
588 4461 710 4508 XXXIII.
725 4460 778 4507 Lis.
789 4460 854 4523 Epir.
868 4485 902 4509 -.·
914 4457 1021 4521 Appias.
1034 4459 1089 4507 ctv.
1097 4459 1141 4505 lib.
1153 4460 1173 4505 I.

109 4543 208 4592 -vut
221 4546 261 4603 11,
278 4546 320 4591 18.
