2670 5018
291 25 523 60 ..macutum
535 8 730 78 acceperunt
744 14 751 54 ε
765 1 913 54 centurio

291 94 604 184 manipulariumque
614 93 862 179 promptissimis
871 116 919 154 am

291 204 415 276 Caesar,
431 185 494 258 luic
513 209 644 280 accepto
663 193 889 273 incouunodo,
908 217 920 255 (

292 302 323 361 in
343 313 511 385 posterum
529 294 726 357 confirmatis
746 296 922 375 militibus,

292 422 352 463 nec
375 398 501 461 timoris
520 396 709 483 opinionem
731 398 919 484 repelleret,

292 500 461 590 pugnandi
479 498 628 561 hostibus
646 497 868 585 pertriduum
885 498 930 561 sc<

292 602 492 692 cingetorige
517 615 643 663 tantum
669 599 830 687 equitatus
854 599 932 661 cmis

293 704 411 767 iterum
434 702 583 790 repulsus
604 715 704 781 esset,
728 700 935 787 qrrcmadmot

293 802 394 867 dione
416 803 542 883 relicta,
561 801 795 889 profectionem
815 802 849 863 in
872 800 933 865 AEd

338 906 451 969 LXVI.
473 906 586 985 Quum
607 902 647 965 ad
665 901 784 965 flumen
807 902 940 967 Elaver*

295 1003 520 1067 Viridomarus
534 1018 751 1067 commeatum
768 1018 883 1090 petunt
896 1026 904 1067 ε
919 1006 944 1067 ir.

295 1103 428 1169 vendam
450 1104 607 1166 civitatem
632 1104 804 1166 Litavicum
821 1126 893 1167 cum
914 1128 946 1167 ot

289 1202 493 1295 profhctunt,·
517 1226 594 1291 opus
615 1228 677 1268 csse
699 1228 757 1267 sua
771 1209 943 1293 proesentr'a

294 1310 383 1371 cives.
402 1308 450 1369 lta
466 1304 605 1386 dimissi,
622 1321 796 1393 postquam
809 1308 952 1372 Noviodt

296 1408 398 1498 gerim
412 1406 555 1495 positum
569 1405 670 1471 AEdui
681 1408 822 1471 nominis
834 1409 955 1497 oppidu

296 1510 422 1575 nuntiis
431 1531 567 1573 suorum
580 1524 613 1571 et
623 1526 781 1597 praesente
792 1510 899 1598 praeda
911 1512 957 1576 int

296 1634 378 1675 num
396 1612 503 1675 caesar
519 1609 649 1674 obsides
667 1634 686 1675 c
710 1626 776 1675 tota
797 1611 915 1691 Gallia,
937 1612 957 1675 fi

296 1712 605 1802 impedimentorum
622 1729 764 1801 partcur,
777 1730 810 1776 ct
826 1729 957 1803 cocmpt

298 1836 401 1901 equos
427 1814 619 1878 contulerat.
646 1814 750 1902 Igitur
773 1832 957 1902 comperto,

296 1916 466 2003 praecipuae
481 1915 635 2002 potentiae
651 1914 791 2003 oppido,
812 1933 957 2005 receptur

297 2016 338 2079 tis
353 2014 395 2079 ad
416 2016 508 2080 illum
528 2016 669 2097 venisse,
687 2015 818 2104 publico
837 2019 957 2081 nornim

296 2116 433 2205 torigem
452 2118 551 2197 mitti;
565 2117 763 2206 occisisque,
778 2120 834 2204 qui
851 2119 957 2183 Novio

298 2239 400 2302 equos
418 2232 451 2279 et
468 2218 640 2305 pecuniam
662 2220 747 2282 intcr
767 2242 801 2283 se
822 2219 957 2285 dividuo

298 2314 445 2379 Bibracte
470 2334 586 2380 curam.
632 2318 787 2367 nuum-w·
817 2322 824 2335 ‘
923 2321 932 2334 '
