2670 5018
214 723 271 788 IN
304 720 416 788 LOC.
444 720 535 786 LlB.
563 721 723 787 LXXXI
751 720 962 789 LIVIANI.
1074 744 1116 815 9¹

69 860 136 906 -cto
152 839 350 905 comoediam
368 839 506 903 scribere
521 839 657 903 vetitum
673 837 874 926 Areopagitis
892 853 955 916 est,
973 861 1013 901 ne
1032 860 1121 901 seve·

14 944 18 963 ¹
68 945 209 1007 «ritatem
226 939 376 1021 judicum
391 940 537 1027 populari
552 940 710 1003 hilaritate
724 955 951 1026 corrumpant,
968 955 1074 1003 tamen
1090 956 1122 1002 et

67 1045 115 1106 ·iu
126 1042 243 1106 restris
257 1041 393 1104 theatris
404 1041 519 1104 fabulae
534 1057 651 1105 nostras
663 1056 866 1130 spectantur,
881 1055 913 1102 et
925 1041 1122 1127 ingeniosior

68 1145 220 1232 ·quisque
236 1158 407 1230 poetarum
426 1142 580 1222 habetur,
606 1165 672 1229 quo
690 1141 823 1229 propius
847 1141 937 1203 abest
954 1164 972 1203 a
992 1142 1121 1215 nostris,

67 1242 259 1334 «Tragoedioe
277 1265 373 1324 vero,
392 1265 464 1330 quae
482 1244 634 1307 maximas
657 1244 690 1307 in
708 1243 773 1307 vita
793 1242 892 1305 habet
913 1242 1065 1304 utilitates
1083 1242 1123 1305 ad

68 1367 215 1409 -omnem
229 1344 316 1407 bene
329 1343 494 1408 ferendam
507 1345 689 1423 fortunam,
704 1361 737 1409 et
747 1345 890 1433 primum
907 1344 1124 1424 inventorem,

67 1462 115 1509 ·et
127 1447 302 1533 scriptores
318 1445 399 1510 'adeo
412 1447 601 1510 excellentes
618 1447 685 1510 haec
698 1446 807 1510 civitas
819 1445 964 1533 peperit,
982 1462 1019 1508 ut
1033 1461 1124 1507 tanto

67 1578 78 1601 ι
82 1547 144 1626 jam
160 1563 310 1635 tempore
324 1571 420 1612 nemo
437 1549 478 1612 sit
491 1564 652 1636 repertus,
670 1549 726 1635 qui
744 1547 932 1636 sapientiam
944 1545 1124 1634 Euripidis,

67 1647 267 1712 «facundiam
294 1649 483 1737 Sophoclis,
510 1648 823 1737 grandiloquentiam
849 1646 993 1734 AEschyli
1021 1646 1124 1732 possit

67 1765 211 1814 amttam.

105 1852 187 1914 XLl.
211 1850 389 1914 «Oratores
411 1867 519 1914 autem
541 1866 726 1937 praestantes
748 1851 856 1913 civitas
881 1865 990 1913 nostra
1012 1848 1121 1935 plures

66 1951 194 2015 «eadem
211 1966 303 2015 aetate
320 1950 449 2031 habuit,
469 1973 566 2037 quam
584 1951 714 2038 reliquae
734 1949 969 2040 propemodum
990 1970 1122 2027 omnes,

67 2051 237 2115 «omnibus
249 2052 362 2115 annis:
379 2051 526 2137 equibus
542 2051 692 2138 equidem
708 2052 833 2139 Lysias,
847 2067 879 2115 et
893 2049 1062 2114 AEschines
1070 2096 1078 2129 ,
1092 2065 1126 2111 et

67 2151 338 2231 ·Demosthenes,
355 2173 420 2214 non
440 2167 593 2239 tanquam
611 2168 795 2232 oratorum,
813 2151 869 2215 sed
886 2166 1038 2236 tanquam
1056 2150 1124 2213 elo-

67 2253 223 2339 ‹quentiae
246 2251 379 2315 nomina
404 2251 592 2316 audiuntur.
621 2254 662 2317 Et
686 2269 724 2316 ut
746 2254 906 2341 pictores,
933 2251 1123 2328 statuarios,

67 2353 227 2441 «aliosque
240 2352 393 2429 artifices,
410 2377 551 2441 quorum
567 2372 672 2419 mmen
685 2355 820 2445 insignis
835 2356 932 2419 etiam
947 2370 996 2416 est
1008 2353 1123 2442 gloria,

69 2468 118 2516 ·et
134 2452 297 2540 quidquid
319 2454 522 2543 ingeniorum
544 2455 676 2520 diversis
694 2455 808 2520 studiis
829 2471 1022 2543 occupatum
1045 2454 1123 2534 fuit,

66 2557 215 2620 «silentio
240 2571 455 2639 transeamus,
477 2559 549 2646 quis
571 2559 713 2647 ignorat,
737 2559 851 2623 nullibi
876 2575 1033 2623 terrarum
1054 2578 1123 2620 me·

67 2657 179 2722 «liores
195 2658 354 2722 exstitisse
369 2658 519 2722 doctores
533 2660 618 2740 ejus,
634 2683 705 2747 quae
716 2662 814 2724 vitam
829 2661 927 2749 regit,
940 2657 1123 2746 sapientiae?

103 2758 204 2822 XLII.
223 2759 344 2821 «Solon
360 2775 392 2822 ct
406 2759 570 2842 Socrates,
585 2777 706 2825 etcum
724 2762 857 2825 Platone
872 2760 1076 2847 Xenophon,
1091 2775 1123 2822 et

66 2875 132 2922 ·tot
156 2859 309 2947 profectae
330 2883 348 2923 a
368 2860 498 2925 Socrate
518 2861 662 2942 familiae,
684 2886 822 2950 quarum
846 2863 1023 2926 etiamnum
1046 2882 1121 2923 suc·

66 2960 186 3024 «cessio
197 2960 311 3041 durat,
325 2961 449 3025 notiora
461 2979 538 3026 sunt
549 2964 718 3045 miractda,
731 2988 828 3052 quam
840 2980 878 3027 ut
889 2963 952 3027 dici
965 2962 1121 3040 debeant3

65 3060 218 3141 majora,
236 3083 335 3148 quam
349 3078 385 3125 ut
403 3064 543 3150 possint
553 3063 606 3128 Ob
623 3081 672 3129 tot
682 3066 773 3129 urbis
785 3066 902 3130 decora
915 3064 1035 3137 mirum
1052 3085 1120 3125 non

47 3154 50 3160 ’
65 3177 145 3242 -est,
157 3162 184 3224 si
194 3162 325 3225 maximi
337 3165 653 3252 praestantissimique
662 3189 770 3256 reges,
784 3168 832 3231 uti
841 3169 969 3231 vincere
979 3165 1121 3229 Athenas

64 3260 304 3349 «magnificum,
316 3263 360 3327 ita
368 3264 504 3352 perdere
515 3266 730 3331 inhumanum
739 3269 936 3348 judicarunt.
950 3268 1121 3330 Possemus

64 3358 137 3424 -hic
160 3361 348 3451 Philippum
374 3366 542 3430 nominare
567 3367 784 3434 Macedonum
803 3393 929 3460 regem,
953 3390 1121 3457 possemus
1197 3382 1204 3389 “

64 3461 299 3528 «Alexandrum
319 3489 327 3528 :
347 3464 404 3529 scd
425 3489 466 3529 ne
488 3467 547 3531 tibi
571 3469 643 3532 talia
666 3468 973 3549 commemorando,
993 3466 1122 3531 fastidio

65 3564 202 3645 -simus,
218 3566 412 3654 imperator,
431 3570 624 3656 praesertim,
642 3572 717 3658 quia
734 3595 793 3660 pro
809 3571 1008 3634 humanitate
1025 3584 1123 3654 atquc

65 3665 266 3731 «eruditione
285 3684 340 3731 tua
360 3668 441 3732 nihil
455 3670 573 3735 horum
587 3673 707 3752 nescis,
722 3673 779 3736 has
795 3688 923 3736 tantum
935 3669 1122 3749 adjiciemus

65 3786 209 3850 spreces,
224 3782 261 3830 ut
272 3768 521 3834 clarissimomm
533 3794 647 3860 regum
658 3773 741 3837 tueri
749 3771 907 3852 judicium
917 3771 1009 3850 velis,
1024 3786 1122 3856 atque

66 3865 287 3931 colementiam
305 3869 440 3951 imitari,
454 3871 729 3965 quemadmodum
744 3872 878 3936 imitaris
889 3888 921 3935 et
935 3871 1098 3935 virtutem.

105 3967 222 4032 XLllI.
240 4000 253 4024 ι
263 3969 313 4034 Ne
324 3971 434 4036 lubeat
445 3973 503 4036 tibi
516 3989 638 4038 vastare
649 3973 781 4039 aedificia
797 3974 894 4054 hujus
908 3974 1013 4053 urbis,
1028 3996 1045 4035 a
1058 3995 1122 4059 qua

65 4068 227 4154 ·primum
252 4069 368 4136 tradita
393 4075 583 4139 mortalibus
608 4092 656 4141 est
678 4074 854 4139 aedificandi
874 4074 1026 4139 scientia:
1056 4072 1124 4135 noli

65 4170 167 4236 dame
182 4182 331 4261 premere
345 4173 475 4263 frugum
492 4193 658 4263 parentem
670 4200 679 4257 3
698 4176 763 4239 noli
779 4176 865 4240 bello
877 4191 1000 4239 vastare
1011 4187 1061 4236 tot
1073 4171 1126 4234 be·

95 4386 110 4452 S
123 4390 173 4438 11„
184 4388 504 4453 Plutarch-AtheaNll,
521 4408 542 4440 1.
550 4420 584 4430 -
594 4393 610 4459 §
622 4396 712 4442 xttlt.
725 4394 788 4443 Flos.
800 4396 849 4452 111,
866 4394 890 4441 5.
904 4420 937 4429 -
947 4394 1039 4442 lustin.
1049 4393 1087 4448 11,
1100 4392 1125 4440 tt.

65 4496 94 4507 -
107 4473 256 4531 atham,
271 4475 313 4520 16.
332 4501 366 4511 —
384 4474 506 4526 Plutarch.
521 4480 546 4524 in
557 4477 639 4536 Sulla,
656 4495 709 4542 cap.
726 4479 774 4536 aa,
792 4491 816 4526 et
832 4478 863 4526 cle
876 4476 972 4525 Garrul.
987 4477 1078 4539 capr8.
