2670 5018
147 748 193 817 (in
322 750 390 816 lO.
417 748 754 816 FREINSHEMll
785 749 1027 816 SUPPLEM.

147 887 197 934 ter
212 870 432 958 octingentos,
451 867 508 954 qui
527 867 593 947 jam
611 865 652 930 ad
672 867 808 932 Cinnam
828 869 1036 951 transierant,
1060 872 1206 962 reliquus

147 970 307 1034 exercitus
323 982 470 1057 pacatus,
487 967 688 1056 imperioque
705 969 906 1056 proconsulis
919 972 1085 1036 restitutus
1102 991 1162 1039 est.

191 1072 263 1135 Vll.
287 1069 422 1134 Minime
449 1085 556 1133 tamen
583 1067 759 1133 diuturnus
780 1085 915 1158 receptae
936 1074 1102 1159 potestatis
1125 1099 1205 1141 usus

147 1170 302 1258 Pompeio
316 1169 388 1234 fuit.
408 1170 510 1234 Paulo
526 1168 614 1233 enim
628 1185 704 1258 post
719 1185 895 1258 utrumque
911 1173 1088 1239 exercitum
1105 1179 1207 1265 perri.

148 1273 245 1335 lentia
265 1271 400 1350 invasit3
420 1288 453 1335 et
468 1269 510 1336 de
523 1270 668 1359 Pompeii
684 1271 784 1360 copiis
799 1272 970 1338 hominurn
986 1277 1085 1342 millia
1099 1278 1206 1345 unde·

146 1374 228 1454 cim,
245 1372 286 1437 de
300 1372 483 1438 Octavianis
493 1393 549 1435 sex
559 1370 737 1437 desiderata
749 1389 837 1437 sunt.
852 1374 978 1439 Deinde
989 1376 1103 1467 ingens
1116 1380 1206 1468 apud

147 1477 285 1539 Romam
302 1489 475 1561 tempestas
496 1488 567 1536 orta
588 1490 653 1549 est,
671 1489 705 1537 et
725 1490 844 1554 castra,
860 1475 1022 1564 praecipue
1037 1477 1205 1568 Pompeii,

146 1593 212 1641 tam
224 1576 344 1640 crebris
361 1597 513 1663 percussa
524 1574 728 1655 fulminibus,
743 1591 780 1640 ut
792 1597 886 1640 ruere
900 1577 1014 1641 ooelum
1027 1578 1204 1646 videretur.

144 1681 244 1743 Arma
260 1678 415 1766 signaque
430 1675 548 1764 passim
563 1691 663 1757 tacte,
680 1675 815 1756 milites,
830 1693 864 1740 et
874 1676 1007 1763 quidam
1020 1701 1060 1743 ex
1072 1680 1207 1746 iUustri·

145 1779 208 1843 bus
222 1778 392 1843 exanimati
404 1792 498 1859 sunt,
515 1777 584 1866 ipse
597 1799 729 1865 quoque
742 1778 917 1865 proconsul
928 1777 1065 1843 fulmine
1076 1780 1206 1848 afflams

146 1879 278 1942 interiit
292 1879 372 1941 Tam
389 1878 601 1966 improvisum
619 1877 679 1941 viri
695 1877 837 1958 exitum,
853 1878 1023 1969 singularis
1039 1881 1136 1947 etiam
1154 1908 1206 1950 ex·

145 1980 331 2067 seqniarum
349 1979 528 2069 ignominia
545 1978 697 2042 comitata
710 1994 769 2047 est.
789 1977 888 2060 Quod
910 1979 997 2043 enim
1017 1982 1156 2070 imperio
1172 1971 1205 2050 et

145 2083 292 2146 maximis
314 2081 506 2146 exercitibus
528 2080 724 2160 instructus,
744 2078 934 2167 periclitanti
952 2080 1062 2168 patriae
1077 2097 1204 2172 tempe-

144 2183 228 2246 stive
239 2182 412 2246 subvenire
426 2180 624 2269 neglexerat,
639 2180 673 2243 in
687 2195 814 2244 tantum
825 2180 939 2268 populi
949 2182 1076 2245 romani
1089 2183 1204 2248 odium

144 2285 248 2364 venit,
263 2301 300 2347 nt
312 2285 432 2347 lectum
445 2282 531 2363 ejus,
545 2303 649 2368 quum
659 2279 700 2345 ad
711 2302 827 2369 rogum
840 2280 1020 2363 efferretur,
1031 2282 1202 2372 diriperet,

143 2408 328 2473 corpusque
345 2384 436 2447 omni
452 2383 648 2446 contumelia
663 2380 816 2444 affectum
833 2405 920 2446 unco
934 2382 1085 2448 traheret.

189 2488 276 2550 Vlll.
302 2488 390 2549 Dum
415 2485 476 2547 ista
499 2482 602 2563 fiunt,
626 2483 767 2562 Marius,
791 2482 909 2546 relictis
932 2505 1027 2573 snpra
1052 2485 1203 2575 infraque

142 2588 262 2650 Urbem
277 2585 318 2649 ad
334 2584 493 2649 arcendos
506 2599 705 2648 commeatus
719 2582 889 2672 prmsidiis,
901 2601 937 2647 ut
952 2587 1047 2650 etiam
1064 2610 1104 2651 ex
1119 2589 1204 2678 agris

141 2688 386 2752 subvectionem
401 2707 531 2749 omnem
548 2700 749 2772 amputaret,
764 2685 870 2749 vicina
884 2685 1020 2774 oppida,
1034 2688 1068 2750 in
1082 2688 1204 2776 quibus

141 2789 254 2879 populi
273 2786 399 2851 romani
417 2786 533 2849 horrea
551 2800 660 2865 erant,
677 2785 785 2849 subito
800 2807 984 2875 aggressus,
1000 2789 1154 2869 Antium,
1170 2807 1204 2854 et

143 2891 300 2970 Ariciam,
314 2905 347 2953 et
356 2887 555 2967 Lanuvium,
567 2903 600 2951 et
612 2903 764 2974 praeterea
776 2885 948 2950 nonnuUas
957 2887 1034 2950 alias
1042 2890 1202 2971 colonias,

141 2993 173 3054 vi
188 3008 243 3054 aut
262 2988 446 3078 proditione
465 2988 607 3075 potitus,
624 2986 740 3050 deletis
756 2985 993 3074 propemodum
1011 2988 1203 3055 habitatori·

141 3094 219 3170 bus,
234 3091 417 3155 ‹levastavit
430 3088 526 3170 lnde,
541 3088 731 3177 priusquam
743 3087 812 3151 aliis
825 3108 865 3150 ex
876 3087 955 3151 locis
968 3089 1135 3177 importari
1148 3093 1204 3156 ali-

142 3195 221 3282 quid
237 3215 345 3257 rerum
359 3191 609 3256 necessariarum
621 3205 744 3278 posset,
754 3187 855 3277 Appia
868 3188 918 3251 via
934 3188 1056 3252 Urbem
1068 3209 1202 3279 petens,

141 3295 313 3383 assumptis
332 3294 453 3357 caeteris
466 3291 620 3374 ducibus,
636 3292 720 3354 intra
735 3291 865 3353 tertium
883 3289 1044 3354 decimum
1057 3292 1201 3380 lapidem

140 3412 240 3460 costra
251 3394 371 3482 posuit.
385 3397 507 3459 Contra
516 3394 558 3457 ab
565 3393 654 3456 Urbe
662 3392 777 3456 consul
783 3390 944 3471 Octavins,
953 3414 1028 3455 cum
1039 3392 1074 3456 P.
1081 3394 1202 3460 Crasso

140 3515 173 3562 et
187 3501 229 3580 Q.
239 3496 370 3560 llletello
385 3495 591 3559 venientibus
607 3492 768 3571 occurrit3
787 3491 906 3555 virtute
923 3514 1127 3580 numeroque
1140 3500 1204 3561 mi-

141 3600 232 3663 litum
249 3619 315 3661 non
336 3598 486 3676 inferior,
503 3616 610 3682 neque
625 3593 728 3680 impar
742 3592 896 3681 negotiis,
912 3592 974 3655 nisi
994 3593 1085 3680 quod
1102 3598 1203 3663 rehm

140 3699 275 3763 turbatis
293 3696 406 3761 eadem
426 3696 536 3761 omnia
551 3691 762 3758 custodienda
783 3691 949 3770 credebat,
970 3716 1045 3780 que
1063 3719 1202 3787 compo-

139 3801 199 3864 sita
216 3799 381 3887 republica
397 3813 489 3863 erant
502 3796 688 3860 constituta.

183 3903 241 3966 lx.
260 3899 342 3964 lnde
360 3901 446 3963 lenta
461 3912 495 3962 et
509 3894 663 3983 impedita
685 3895 817 3958 consilia
836 3893 928 3981 quasi
951 3893 1099 3960 vinctum
1117 3922 1201 3965 con·

139 4004 355 4090 stricmmque
370 3999 511 4063 hostium
523 3996 663 4060 andaciae
675 3995 884 4082 prebuerunt
897 4016 906 4056 :
920 3995 977 4080 qni
989 3997 1101 4060 omnia
1111 4002 1200 4083 ausi,

144 4514 181 4557 iq.
193 4522 225 4531 -
239 4493 343 4556 Appian.
358 4518 390 4527 -
406 4491 454 4536 Dio
462 4487 528 4552 apnd
536 4488 615 4534 l'ales.
