2670 5018
193 650 203 685 d

301 705 355 775 IN
385 697 497 773 LO'C.
523 705 615 773 LIB.
643 706 710 774 CX
739 702 947 774 LIVIANI.
1080 695 1152 794 695

102 825 158 911 qui
172 824 212 888 ad
228 824 439 889 imitationem
455 824 601 889 Herculis
619 841 652 889 et
665 825 772 890 Liberi
788 822 897 888 multis
913 823 1006 903 loeis,
1022 819 1064 886 ad
1076 843 1153 910 pro·

101 923 282 1014 pagandam
302 926 509 990 victoriarum
535 947 668 991 suarum
695 925 903 1007 memoriam,
924 945 994 988 aras
1018 923 1154 988 erexisse

102 1028 272 1093 ferebatur.

146 1127 328 1192 XXXVIII.
343 1129 456 1210 Quum
476 1128 661 1192 Narbonem
683 1126 896 1215 pervenisset,
913 1125 1067 1215 cognitis,
1083 1147 1154 1212 quse

101 1228 229 1292 iuterim
241 1245 332 1295 erant
340 1231 381 1294 ad
389 1230 559 1295 Massiliam
569 1245 667 1318 gesta,
676 1251 716 1294 eo
728 1225 885 1316 proficisci
895 1226 1015 1290 statuit.
1025 1224 1154 1315 Quippe

100 1330 326 1408 Massilienses,
343 1332 423 1395 nihil
437 1330 558 1395 damno
574 1330 690 1395 navalis
710 1351 827 1418 pugnas
842 1327 1002 1409 deterriti,
1023 1328 1059 1393 C.
1073 1329 1153 1391 Tre·

101 1430 217 1511 bunio,
235 1455 333 1519 quem
356 1430 519 1497 obsidioni
538 1430 721 1520 praeIeeerat
738 1431 859 1511 Caesar,
879 1442 1010 1492 strenue
1031 1427 1155 1493 restite-

100 1545 190 1613 runt,
213 1547 245 1595 et
265 1533 402 1596 maxima
422 1532 490 1612 ejus
510 1554 608 1621 opera
628 1547 865 1597 tormentorum
880 1529 1109 1612 multitudine,
1123 1546 1155 1593 et

98 1633 162 1695 loci
178 1649 291 1697 natura
304 1656 341 1697 ac
356 1634 539 1697 munitione
555 1632 674 1714 adjuti,
694 1646 923 1720 perruperant,
941 1651 978 1694 ea
995 1628 1156 1694 maehina-

100 1757 172 1796 rum
192 1735 359 1816 violentia,
379 1750 416 1800 ut
435 1735 554 1799 asseres
571 1733 692 1822 pedum
713 1730 886 1796 duodecim
908 1731 1019 1794 ferreis
1034 1729 1154 1820 praefixi

99 1835 305 1924 cuspidibus,
329 1835 515 1925 ingentibus
524 1835 644 1898 balistis
655 1856 714 1923 per
725 1848 866 1921 quatuor
879 1828 1008 1895 ordines
1020 1831 1155 1894 cratium

99 1937 265 2017 transacti,
282 1937 315 2000 in
339 1954 456 2000 terram
478 1951 692 2024 penetrarent.
716 1933 849 1997 Interim
868 1934 903 1997 L.
921 1931 1072 1996 Nasidius
1090 1932 1153 1994 im·

98 2036 258 2124 prudente
271 2038 414 2101 Curione
425 2060 483 2126 per
491 2037 635 2101 Siculum
645 2037 783 2114 fretum,
793 2056 868 2098 eum
878 2034 1012 2098 navibus
1022 2048 1157 2121 septem·

98 2135 220 2219 decim,
248 2136 289 2201 ad
315 2137 561 2202 Massiliensium
591 2135 756 2202 castellum
781 2135 962 2200 Tauroenta
991 2134 1155 2222 peruenit,

97 2255 274 2327 auctorque
288 2239 350 2303 fuit
362 2239 498 2319 civitati,
513 2253 550 2303 ut
558 2238 667 2303 denuo
683 2236 847 2301 maritimae
860 2258 976 2326 pugnae
988 2236 1160 2301 fortunam

99 2356 245 2405 tentaret.
268 2344 310 2406 At
331 2343 466 2422 Brutus,
486 2338 526 2404 ad
545 2340 685 2428 priorem
708 2338 839 2401 classem
860 2335 975 2401 additis
1001 2336 1154 2412 naribus,

98 2463 177 2527 quas
194 2440 234 2504 de
247 2442 500 2506 Massiliensibus
514 2462 618 2528 nuper
631 2452 774 2528 ceperat,
791 2438 910 2501 iterum
930 2459 986 2502 eos
1006 2434 1155 2527 profliga-

97 2542 158 2623 rit,
183 2543 317 2606 navibus
335 2542 487 2608 demersis
508 2542 669 2630 quinque,
689 2555 830 2628 quatuor
849 2539 975 2628 captis:
994 2562 1060 2603 uua
1079 2561 1153 2603 cum

98 2641 276 2706 Nasidianis
293 2643 426 2708 navibus
444 2642 605 2723 discessit,
617 2663 688 2729 quse
701 2641 752 2705 vix
768 2656 873 2728 coepto
889 2640 1063 2705 certamine
1077 2662 1154 2730 pro·

98 2745 256 2831 fugerant.

142 2845 296 2910 XXXIX.
319 2846 389 2911 Nec
410 2862 516 2912 tamen
542 2869 582 2910 eo
603 2846 707 2909 secius
726 2846 759 2908 in
784 2842 980 2909 defensionis
1003 2859 1158 2930 suscepto

97 2948 263 3033 proposito
278 2964 512 3035 perseveratum
530 2948 611 3029 iuit3
627 2968 831 3034 quanquam,
844 2944 958 3010 Caesari
965 2943 1031 3023 jam
1041 2944 1158 3031 Hispa-

98 3046 166 3109 uias
182 3047 368 3128 accessisse,
387 3051 470 3111 fama
483 3050 610 3113 tulerat.
628 3048 775 3137 Ingentia
791 3046 942 3134 deineeps
961 3067 1058 3133 opera
1068 3040 1154 3107 'l're-

97 3145 186 3208 bonii
206 3162 238 3209 et
259 3146 389 3210 incensa
411 3148 451 3211 ab
468 3147 635 3228 hostibus,
652 3164 684 3210 et
704 3171 721 3211 a
739 3145 903 3211 Trebonio
919 3144 1039 3232 refecta
1056 3161 1152 3225 sunt,

98 3269 240 3334 quorum
266 3262 421 3310 annotare
448 3247 605 3311 rationem
633 3247 714 3311 nibil
737 3247 870 3328 attinet,
894 3255 1000 3334 quum
1023 3245 1153 3310 Caesaris

98 3347 328 3412 Commentarii
342 3349 464 3429 vivant,
481 3347 600 3436 quibus
612 3362 677 3411 tota
693 3349 752 3411 ista
767 3346 894 3411 obsidio
903 3336 1083 3421 inimitabili
1098 3368 1155 3410 no·

97 3449 170 3512 stris
184 3449 384 3538 temporibus
400 3450 555 3538 elegantia
566 3448 767 3513 describitur.
780 3445 828 3513 Ad
839 3448 990 3512 ultimum
1001 3446 1155 3511 omnibus

96 3550 257 3640 defatigati
278 3551 388 3632 malis,
412 3574 487 3616 nam
503 3550 544 3615 ad
563 3549 769 3615 incommoda
789 3550 865 3614 belli
879 3571 897 3612 e
910 3549 998 3612 victu
1013 3550 1103 3613 tenui
1121 3565 1153 3613 et

96 3670 249 3740 corrupto
262 3652 404 3740 (hordeo
415 3668 447 3717 et
457 3653 573 3742 panico
581 3669 689 3718 vetere
698 3651 882 3738 alebantur)
892 3650 1078 3740 pestilentiae
1089 3673 1156 3715 ma-

95 3752 162 3816 lum
185 3769 379 3835 accesserat,
403 3756 534 3818 Caesaris
563 3752 637 3819 fidei
663 3777 697 3818 se
719 3754 943 3843 permiserunt.
970 3754 1088 3819 I’uerat
1114 3754 1153 3818 iis

96 3855 216 3934 Caesar,
234 3877 294 3918 nec
313 3854 383 3919 sine
400 3878 512 3931 causa,
532 3855 743 3919 iratissimus:
758 3853 856 3943 igitur
874 3869 989 3941 praeter
1002 3854 1099 3918 vitam
1119 3871 1152 3918 et

95 3952 273 4016 libertatem
297 3955 377 4019 nihil
395 3956 496 4020 ferme
519 3956 649 4042 reliquit
664 3955 755 4019 victis
773 3977 782 4018 ε
801 3977 905 4036 arma,
922 3977 1034 4035 naves,
1052 3977 1152 4044 pecu·

45 4042 55 4061 ¹
94 4054 155 4117 nite
171 4055 294 4135 statim,
314 4073 428 4120 caetera
447 4078 524 4121 mox
539 4055 687 4144 adempta
708 4069 796 4119 sunt.
813 4055 928 4119 Postea
944 4072 1050 4119 tamen
1071 4056 1151 4119 sub·

95 4153 171 4218 inde
183 4155 304 4220 remisit
314 4156 434 4244 aliquid
444 4158 513 4240 irae,
527 4157 650 4222 nomini
659 4179 792 4245 parcens
802 4172 835 4220 et
845 4157 993 4220 vetustati
1004 4156 1149 4220 civitatis.

128 4372 304 4436 §xxxtut
319 4376 378 4424 Caes.
393 4401 426 4411 »-
441 4374 498 4423 Dio.
516 4401 550 4411 -
568 4373 583 4438 s
600 4375 722 4422 xxxlx.
735 4373 799 4424 Flet.
812 4376 858 4431 tv,
872 4391 896 4422 a.
915 4401 948 4411 -
965 4374 1025 4422 Caes.
1044 4400 1078 4413 ·-
1097 4374 1148 4422 Cic.

95 4455 201 4522 Philipp.
211 4459 286 4513 vlu,
299 4458 323 4504 tt.
338 4485 371 4495 -
386 4459 457 4508 Oros.
470 4486 504 4496 -
519 4458 575 4507 uio.
590 4485 623 4496 -·
638 4459 715 4507 strab.
727 4457 770 4506 tib.
780 4460 823 4515 tv,
838 4475 862 4522 p.
874 4461 930 4507 adr.
