2670 5018
268 813 322 880 IN
352 813 462 881 LOC.
488 815 582 881 LIB.
609 756 734 882 xciv
767 814 974 886 LIVIANI.
1079 819 1147 916 273

92 933 268 1021 aggravavit
297 933 430 996 aliarum
455 933 650 998 Mithridatis
671 934 838 1021 copiarum
861 936 965 1001 clades
982 941 1146 1005 :Fannius

91 1034 175 1096 enirn
190 1049 222 1096 et
237 1033 466 1120 Metrophanes
482 1035 589 1122 regius
602 1051 735 1122 praetor,
750 1059 769 1099 a
784 1035 947 1099 Mamerco
963 1037 1052 1120 victi,
1070 1064 1144 1104 cum

90 1132 218 1197 duobus
241 1134 384 1198 millibus
408 1135 555 1221 equitum
574 1136 607 1197 in
630 1134 774 1199 Moesiam
793 1135 1028 1225 profugerunt,
1049 1155 1146 1227 atque

50 1282 53 1287 -
91 1234 163 1298 inde
187 1235 221 1298 in
241 1229 412 1297 Maeoniam
436 1234 587 1324 digressi,
612 1259 714 1323 quurn
736 1237 862 1301 hostem
882 1238 1016 1301 evasisse
1037 1257 1148 1326 putas·

90 1352 176 1418 sent,
193 1335 295 1424 ipsius
311 1336 387 1417 soli,
405 1336 457 1399 cui
474 1359 508 1398 se
522 1335 738 1418 crediderant,
759 1338 931 1425 plusquam
948 1337 1079 1403 hostiles
1095 1341 1147 1405 in-

90 1436 182 1500 sidias
195 1453 274 1500 sunt
288 1437 425 1525 experti,
443 1438 654 1524 feceruntque
666 1438 800 1526 vulgatae
816 1437 931 1504 fabulae
945 1435 1058 1520 fidem,
1074 1439 1147 1502 Ari·

90 1560 157 1602 mos
179 1537 223 1601 ibi
240 1554 272 1602 et
289 1538 450 1602 fulminati
471 1561 488 1601 a
507 1540 586 1602 Jove
605 1539 741 1627 gigantis
756 1539 861 1603 cubile
880 1540 1025 1626 ponemi.
1044 1540 1147 1604 Delati

89 1654 170 1702 oerte
193 1639 227 1702 in
251 1640 321 1703 loca
339 1662 423 1702 caeco
448 1640 560 1703 subter
579 1656 693 1703 terram
718 1640 870 1704 incendio
892 1641 1040 1724 infamia,
1064 1643 1147 1707 saxis

89 1761 218 1827 quoque
242 1757 274 1803 et
297 1740 399 1804 humo
423 1741 512 1827 quasi
537 1741 671 1831 fuligine
692 1742 830 1829 quadam
853 1744 1016 1810 occultum
1038 1744 1145 1834 ignens

89 1841 318 1929 prodentibus,
343 1864 457 1930 magna
480 1865 555 1905 cum
575 1842 789 1906 sollicitudine
812 1843 1023 1925 oberrarunt3
1041 1843 1147 1910 donec

89 1941 214 2005 tandem
232 1943 284 2006 via
300 1958 426 2030 reperta
443 1943 476 2005 in
494 1959 595 2006 castra
614 1944 699 2031 regia
716 1945 833 2009 reversi
850 1963 937 2010 sunt.

128 2044 220 2108 XXI.
239 2042 364 2107 Eodem
385 2060 530 2131 tempore
553 2044 722 2130 praefectus
746 2047 827 2134 regis
848 2047 1052 2128 Eumachus,
1071 2063 1145 2134 post

89 2146 229 2235 egregios
256 2167 442 2226 successus,
470 2159 679 2231 necatamque
702 2167 777 2208 cum
803 2144 957 2209 uxoribus
983 2161 1015 2209 et
1036 2146 1144 2209 liberis

88 2244 202 2309 civium
225 2267 436 2308 romanorum
457 2267 606 2333 magnam
628 2243 887 2321 multitudinem,
904 2244 1039 2326 Pisidia,
1057 2248 1146 2309 Isau·

88 2345 192 2433 risque
213 2345 372 2425 subactis,
393 2345 502 2409 Cilicia
524 2359 662 2425 tentata,
686 2368 788 2431 quum
811 2345 845 2408 in
868 2346 1005 2434 Phrygia
1025 2345 1145 2410 bellum

88 2447 255 2528 movisset,
271 2447 440 2525 Dejotarus
457 2446 670 2535 Gallograeciae
684 2447 858 2526 tetrarcha,
873 2463 1042 2535 vagantem
1058 2471 1144 2513 asse·

87 2563 221 2634 quuttts,
239 2570 353 2636 magna
370 2546 459 2611 clade
470 2546 588 2611 affecit.
603 2548 675 2610 Hoc
688 2547 783 2611 etiam
797 2570 884 2611 anno
900 2550 959 2613 Cn.
971 2549 1145 2637 Pompeius

87 2648 115 2712 in
132 2649 287 2737 Hispania
303 2671 454 2736 prospere
472 2648 601 2713 bellavit
617 2671 693 2713 cum
708 2651 748 2731 Q.
759 2650 920 2731 Sertori0,
938 2650 994 2738 qui
1010 2650 1076 2731 jans
1090 2674 1146 2715 cu·

87 2750 125 2813 ris
142 2765 177 2814 et
197 2749 361 2814 laboribus
378 2750 495 2830 fessus,
521 2766 554 2813 et
576 2749 652 2836 quia
672 2772 706 2812 sc
721 2749 788 2836 peti
806 2748 935 2813 videbat
957 2772 1072 2814 eorum
1092 2751 1144 2814 inm

87 2849 189 2932 sidiis,
206 2851 278 2938 qui,
293 2873 327 2913 se
341 2865 485 2932 retnot0,
500 2850 576 2914 salvi
591 2873 659 2913 esse
676 2873 742 2913 non
757 2866 922 2937 poterant,
938 2848 980 2913 ad
991 2851 1143 2915 obeunda

87 2949 174 3016 ducit
186 2951 298 3015 munia
312 2953 458 3041 segnior,
474 2953 507 3014 in
518 2954 630 3015 luxum
642 2968 673 3015 et
686 2950 835 3015 libidines
847 2951 1037 3016 declinabat.
1049 2952 1144 3017 Unde

87 3076 185 3140 quum
201 3054 404 3141 frequentius
421 3053 664 3134 succumberet,
683 3052 829 3139 quotidie
844 3052 978 3116 adirem
994 3053 1143 3140 pronior,

87 3155 192 3219 inultis
214 3155 258 3218 ob
280 3155 496 3243 suspicionem
517 3152 583 3216 doli
606 3151 781 3217 crudeliter
802 3152 995 3228 interfectis,
1014 3168 1144 3216 caeteros

85 3255 122 3320 ad
134 3255 359 3321 maturandam
377 3255 634 3334 conjurationem
648 3253 826 3317 acrioribus
841 3252 979 3316 stImuIis
990 3251 1142 3317 incitavit.

125 3357 233 3422 XXII.
252 3357 353 3420 Erant
371 3356 416 3419 illi
431 3356 497 3435 jam
514 3370 626 3435 antea,
650 3354 804 3417 simules
821 3353 944 3441 ingenti
961 3368 1065 3434 metu,
1085 3350 1145 3441 per

85 3458 233 3522 virtutem
253 3475 351 3544 atque
367 3457 551 3520 felicitatem
567 3455 716 3535 Sertorii,
732 3454 858 3518 anImos
878 3453 918 3517 ad
932 3476 1022 3542 spem
1039 3471 1143 3517 nans-

86 3560 240 3639 tulerant,
256 3559 357 3622 livore
374 3573 407 3621 et
424 3557 628 3620 aemulatione
644 3556 796 3643 potentiae
813 3554 949 3636 insensi3
971 3570 1004 3617 et
1023 3553 1144 3617 crebris

87 3658 252 3748 Perpernae
269 3658 474 3723 sermonibus
490 3655 763 3737 incendebantur,
781 3652 837 3742 qui
854 3654 915 3718 sibi
930 3653 1039 3717 deberi
1055 3677 1144 3718 sunt·

87 3782 167 3823 mam
188 3760 314 3848 imperii
335 3774 468 3846 propter
488 3757 687 3821 nobilitatem
710 3755 836 3844 generis
853 3753 1078 3818 existimabat:
1094 3753 1142 3818 id·

84 3861 167 3924 circo
182 3860 387 3924 clandestinis
404 3859 588 3948 opprobriis
604 3859 782 3923 Sertorium
797 3856 883 3944 apud
897 3855 1046 3921 credulos
1061 3879 1141 3920 one·

85 3961 195 4042 tando,
203 3977 326 4025 sortem
338 3984 429 4024 suam
442 3977 698 4048 caeterorumque
710 3956 867 4022 invidiose
880 3956 1027 4023 deflebat.
1038 3989 1049 4011 a
1060 3959 1143 4039 Quis

84 4064 210 4146 ·enim,
234 4064 355 4150 inquit,
373 4064 475 4128 malus
492 4063 606 4152 genius
623 4085 661 4125 eo
679 4060 864 4124 calamitatis
888 4081 948 4122 nos
967 4059 1143 4145 compulit,

83 4183 139 4229 -ut
154 4166 251 4230 Sullae
268 4181 426 4227 terrarum
442 4164 590 4228 oninium
606 4163 767 4249 marisque
783 4160 964 4224 dominium
981 4160 1143 4223 obtinenti

84 4290 215 4353 ·parere
240 4264 423 4352 dedignati,
450 4265 506 4329 ubi
534 4264 674 4329 licuisset
696 4262 786 4326 domi
812 4259 1034 4340 manentibus,
1059 4259 1142 4321 salva

113 4463 202 4527 §XL
217 4466 290 4511 Oros.
303 4490 337 4498 -
351 4462 429 4511 strab.
441 4463 482 4510 lib.
496 4462 570 4517 XIII,
584 4477 609 4524 p.
618 4461 676 4520 lias.
686 4488 719 4496 -
732 4459 748 4524 §
760 4460 832 4506 m.
845 4459 951 4523 Appian.
960 4458 1014 4507 Cir.
1025 4456 1067 4502 lib.
1081 4456 1144 4501 1.-

82 4547 133 4594 bis.
148 4549 217 4614 Epit.
234 4575 269 4584 -
283 4548 354 4595 Otos.
369 4573 404 4584 ——
418 4545 515 4594 Sallust.
529 4543 595 4593 Edit.
606 4554 671 4592 nost.
683 4560 707 4607 p.
720 4549 777 4596 Iol.
790 4542 834 4590 En.

202 4648 245 4715 Χ,
942 4633 980 4699 ι8
