2670 5018
0 48 108 132 isset,
132 51 319 137 frequentes
339 49 488 137 undique
513 52 619 114 nuntii
642 76 782 118 accurret

10 201 12 205 .
26 154 198 238 recepisset
210 177 227 214 a
240 170 349 239 tergo,
365 176 432 214 non
445 153 642 234 minoribns,
659 177 755 241 qnam
768 179 782 216 a

1 254 190 316 llitlnidatis
214 256 379 341 proiectos
402 255 552 341 opprimi.
574 258 638 316 llex
661 257 765 335 eninr,

4 356 72 418 -itus
94 357 144 419 sui
162 373 283 445 strage,
305 357 352 418 uti
370 379 428 444 par
452 373 536 436 erat,
559 359 705 439 territus,
724 360 778 420 ani

13 480 66 523 nte
86 457 323 547 desponderat,
345 458 423 545 quin
451 480 490 522 ex
509 459 602 522 novis
624 458 783 525 delectibu

7 559 198 650 collegerat,
215 562 382 649 octoginta
398 559 573 624 hominum
587 559 686 625 millia
704 560 784 626 clau

2 692 7 718 ι
36 661 179 750 Dorylao
195 661 280 727 duce
298 660 452 725 mitteret.
466 663 574 748 Atque
589 660 634 741 ia,
652 680 759 750 quum
775 666 784 723 l

0 763 118 844 disset,
133 762 281 826 celeriter
291 777 420 849 recepta
432 762 570 845 Boeotia,
584 762 677 827 ferox
687 776 721 827 et
732 784 785 827 exa

1 865 40 928 le
49 884 260 955 congressum
272 863 421 951 optabat,
434 862 697 952 Archelaumque
710 861 785 928 dete

0 965 121 1055 'gebat3
136 965 219 1029 fama
233 987 366 1053 quoque
379 964 541 1053 dispersa,
552 964 786 1055 ncnshteprudr

1 1066 3 1081 '
18 1080 137 1130 torum
146 1066 249 1130 millia
256 1081 325 1131 tam
320 1065 537 1155 sccihdeleri
541 1090 563 1130 a
571 1068 786 1157 llommtispot

1 1219 3 1231 .
20 1168 195 1233 Enimvero
208 1168 294 1233 circa
308 1168 539 1257 Tilphoasum,
558 1189 688 1233 reverso
700 1166 787 1232 Sulla

9 1269 34 1334 is
59 1293 201 1336 romane
222 1271 350 1336 virtutis
373 1270 635 1361 experimentum
657 1270 765 1359 cepit3

1 1373 121 1457 tentia,
142 1388 179 1438 ut
199 1372 375 1464 postmodo
395 1374 564 1462 princeps,
590 1370 780 1436 ducendum

2 1476 213 1566 mptibuaque
227 1492 260 1542 et
276 1492 424 1568 tempore
438 1473 645 1540 atterendum
660 1472 788 1538 Sulleit

0 1605 4 1613 *
28 1592 70 1642 et.
93 1577 158 1643 Sed
181 1579 258 1662 uhi,
280 1579 391 1645 castris
412 1577 454 1644 ad
475 1576 723 1643 Orchomenum
740 1596 788 1665 pn

10 1702 102 1771 spem
115 1682 274 1747 Archelao
286 1680 398 1764 dabat,
413 1679 503 1769 quod
512 1677 696 1768 equitibus,
707 1700 789 1767 qua]

9 1780 20 1845 i
37 1780 254 1870 prestabant,
273 1798 458 1873 opportuna
473 1780 623 1870 planities
640 1802 676 1844 ae
692 1776 789 1869 pandi

1 1883 97 1972 cepit,
112 1898 267 1974 tanqum
279 1906 390 1950 casnm
403 1883 505 1973 praelii
519 1883 628 1972 primo
644 1902 780 1971 quoque

54 2016 75 2051 s.
88 1987 207 2076 Copiae
220 1987 265 2051 ita
278 1984 472 2077 digesserat,
483 1999 523 2049 ut
535 1982 570 2048 in
587 1984 696 2048 fronte
709 1980 790 2071 quad

0 2103 68 2169 nt;
83 2104 159 2177 poet
172 2088 230 2153 haa
247 2088 351 2154 locata
364 2088 505 2177 phalanx
517 2102 603 2170 erat,
615 2082 791 2151 macedoni

0 2237 20 2253 ».
35 2190 138 2253 Tertii
155 2190 325 2251 auxilium
346 2188 489 2248 atahant.
508 2210 583 2245 earm
601 2186 745 2243 romania
757 2206 791 2240 aa
