2670 5018
145 762 192 832 7²
322 737 388 803 JO.
415 735 755 805 FREINSIIEMII
785 737 1031 810 SUPPLEM.·

164 855 356 922 decutienda
371 872 449 920 sunt
470 855 665 920 sullanamm
681 857 822 945 partium
841 856 969 945 capita:
987 880 1054 921 non
1073 858 1204 926 nisibis

140 961 311 1043 «remotis,
329 959 456 1023 stabiles
471 974 588 1024 nostrae
598 959 634 1022 in
649 957 883 1046 rempublicam
898 981 977 1049 opes
990 975 1098 1024 erunt.
1114 960 1204 1044 Quin

142 1094 153 1116 ιι
164 1078 196 1126 et
212 1061 293 1126 illud
310 1060 485 1145 addidero,
506 1061 633 1125 tametsi
651 1077 796 1124 nostram
812 1082 957 1142 causam,
977 1060 1068 1151 qnod
1083 1062 1206 1127 abomi-

141 1196 153 1220 «ι
167 1187 244 1245 nor,
263 1163 392 1228 oderint
408 1163 468 1245 dii,
484 1179 583 1252 atque
597 1163 707 1227 omnia
722 1162 818 1226 nobis
834 1163 949 1227 acerba
962 1180 1060 1253 atque
1076 1165 1205 1231 funesta

140 1264 318 1348 «efficiant,
340 1281 466 1347 tamen,
489 1266 516 1329 si
535 1281 661 1329 mature
678 1262 720 1329 de
739 1264 879 1331 inimicis
902 1265 1020 1330 nostris
1044 1266 1218 1332 ultionem-

139 1366 415 1457 «sumpserimus,
442 1366 535 1450 hanc,
549 1365 642 1430 nobis
666 1366 886 1455 voluptatem,
913 1367 997 1433 hanc
1018 1367 1204 1433 felicitatem

139 1490 230 1529 «non
251 1483 406 1554 poterunt
429 1467 561 1554 eripere.
582 1466 665 1531 Mihi
686 1489 779 1548 sane,
801 1483 839 1531 ut
862 1490 914 1535 me
933 1469 1027 1532 robis
1044 1469 1204 1551 indicem,

140 1569 260 1632 «morti
274 1569 386 1632 similis
400 1568 464 1632 vita
476 1567 656 1650 videbitur,
670 1568 696 1631 si
712 1565 824 1634 eadem
837 1568 910 1632 luce
924 1568 1087 1638 fruentem
1102 1569 1207 1658 adspi-

141 1703 154 1726 ι
167 1671 249 1734 ciam
275 1671 446 1752 Catulum,
469 1667 636 1750 beneficii,
658 1692 725 1757 quo
751 1678 893 1735 servatus
918 1686 985 1752 est,
1008 1687 1202 1764 perpetuum

142 1772 432 1853 «obtrectatorem,
449 1771 477 1834 si
490 1772 671 1853 Caesarum,
688 1771 715 1834 si
731 1773 921 1835 Crassorum
934 1771 1017 1836 odiis
1032 1773 1137 1845 vicem
1152 1795 1205 1836 ne·

140 1896 279 1962 «queam
297 1894 471 1964 reponere,
488 1873 515 1938 si
531 1872 680 1939 Metellos
696 1871 832 1939 tolerare
846 1871 985 1956 diutius,
1000 1888 1033 1937 et
1041 1873 1206 1951 Antonios

142 1998 271 2065 «cogar.
761 2047 764 2055 Ι

184 2076 353 2140 XXXVII.
368 2106 381 2132 a
390 2067 454 2140 Sed
470 2097 576 2163 neque
588 2096 662 2158 vos,
677 2074 809 2163 opinor,
825 2074 900 2138 licet
912 2073 1074 2143 mitiorem
1089 2075 1202 2163 aliquis

142 2178 311 2241 «animum
328 2175 474 2258 simulet,
491 2176 640 2244 inimicos
655 2191 778 2254 vestros
793 2176 919 2258 ¹vivere,
936 2192 1035 2263 atque
1051 2175 1134 2242 adeo
1149 2200 1202 2241 aa·

141 2279 229 2342 «lere
246 2278 404 2366 patienter
423 2277 531 2346 feretis
551 2299 558 2341 :
578 2277 641 2340 nisi
656 2277 739 2341 forte
762 2277 918 2367 collegam
938 2292 1031 2341 tuum
1054 2277 1203 2342 lubenter

141 2379 384 2466 «amplecteris,
409 2378 512 2442 Cinna
534 2378 668 2459 consul,
692 2401 795 2470 aquo
818 2379 919 2442 multa
941 2394 1075 2442 tuorum
1100 2379 1203 2445 occisa

142 2513 155 2537 a
165 2481 277 2561 millia,
292 2497 324 2544 te
338 2481 507 2569 expulsum
518 2480 624 2562 Urbe,
638 2480 729 2543 omni
742 2479 894 2568 deinceps
908 2481 1106 2546 contumelia
1115 2505 1205 2547 vexa·

142 2599 235 2646 «tum
259 2582 444 2648 meministi.
464 2581 555 2666 Quid
575 2583 601 2645 si
619 2583 655 2646 L.
668 2582 792 2646 lllemla
816 2582 875 2646 tibi
898 2599 1066 2665 occurret,
1089 2584 1203 2649 tertius

141 2685 261 2764 «hujus
275 2685 352 2745 anni
365 2685 497 2765 consul,
514 2683 606 2764 cujus
620 2705 740 2747 nomen
758 2706 825 2747 non
842 2683 918 2767 alia,
932 2707 1030 2771 quam
1046 2707 1105 2774 per
1118 2708 1206 2750 sum·

142 2809 251 2848 «mam
271 2786 422 2864 injuriam
440 2802 548 2868 tuam,
567 2787 708 2874 irrepere
725 2786 759 2848 in
776 2786 875 2849 fastos
890 2787 1075 2875 potuisset?
1098 2786 1204 2852 caeteri

143 2910 242 2950 «vero
252 2910 408 2975 perquam
420 2888 480 2951 tibi
488 2886 626 2971 jucundi
637 2904 714 2952 sunt
725 2887 845 2971 futuri,
859 2911 1002 2981 quorum
1013 2890 1081 2954 hacc
1093 2889 1203 2955 omnia

142 2987 294 3055 «decreta
317 2989 504 3072 sententiis,
527 3005 654 3082 peracta
674 2991 857 3073 voluntate,
882 2990 999 3082 opibus
1021 2991 1224 3079 animisque-

142 3088 294 3154 «defensa
311 3091 472 3155 novimus.
741 3166 744 3171 Α

185 3192 370 3258 XXXVIII.
385 3223 398 3248 s
409 3191 509 3273 Quod
523 3193 549 3255 si
564 3193 636 3280 quis
652 3194 736 3257 forte
748 3193 790 3257 ab
806 3193 867 3257 hac
879 3194 1005 3257 ratione
1020 3193 1204 3274 dissentiat,

141 3324 154 3349 ι
164 3316 266 3380 quum
277 3293 420 3382 primum
431 3293 603 3375 adhortor,
614 3310 666 3376 ut,
679 3293 869 3382 priusquam
879 3295 1091 3382 obloquatur,
1102 3310 1206 3359 matu·
1223 3352 1227 3359 .

142 3395 231 3458 «rius
251 3416 361 3458 secum
380 3394 465 3458 dicta
484 3417 555 3458 mea
578 3393 776 3484 perpendat;
795 3392 933 3474 deinde,
951 3392 1111 3480 siquidem
1127 3415 1203 3482 per·

141 3511 245 3559 «stare
268 3495 302 3558 in
326 3495 482 3559 sententia
497 3494 591 3578 velit,
609 3494 883 3577 commonefacio,
905 3495 950 3558 ita
972 3510 1147 3585 temperet,
1167 3509 1205 3558 ut

142 3629 155 3652 a
165 3615 273 3663 tamen
283 3598 416 3663 amicior
424 3598 530 3680 nobis,
540 3620 638 3686 quam
651 3595 813 3677 hostibus,
822 3618 892 3661 esse
901 3594 1057 3660 videatur.
1067 3626 1080 3650 υ
1090 3596 1203 3676 Quum

142 3698 185 3761 ita
197 3699 318 3762 Marius
331 3698 477 3780 dixisset,
490 3714 523 3765 et
533 3697 695 3787 plerisque
706 3694 818 3760 eadem
832 3696 1002 3761 crudelitas
1012 3712 1109 3771 esset,
1124 3696 1203 3775 alios

141 3801 314 3862 auctoritas
332 3800 434 3882 illius,
450 3816 483 3865 et
500 3800 619 3864 horum
640 3797 805 3861 inclinatio
823 3796 1017 3877 deterreret,
1039 3795 1105 3858 huc
1121 3819 1203 3859 con·

141 3923 293 3981 cursum,
309 3916 544 3992 pactorumque
564 3917 597 3966 et
615 3897 824 3979 jurisjurandi
841 3898 984 3986 neglecta
1005 3895 1086 3976 lide,
1107 3897 1204 3960 multi

140 4001 281 4089 insignes
294 4000 354 4063 viri
373 4004 492 4084 necati,
508 4018 541 4067 et
555 4001 674 4095 capita,
686 4001 776 4064 velut
785 4002 851 4080 jam
868 4014 998 4086 recepto
1015 4020 1123 4079 more,
1142 4019 1203 4085 po·

142 4102 200 4166 sita
219 4104 252 4165 in
267 4103 390 4166 Rostris
407 4121 492 4169 sunt.

185 4206 338 4269 XXXIX.
357 4208 418 4270 «ln
440 4207 489 4271 his
511 4209 545 4270 C.
563 4205 677 4270 Atilius
702 4203 926 4273 Serranusvir
948 4203 1147 4283 consularis,
1170 4218 1204 4265 et

175 4417 191 4483 s
205 4419 351 4467 XXXVIII.
369 4420 475 4484 Appinn.
492 4417 546 4468 Civ.
558 4415 603 4464 lib.
618 4418 640 4463 1.
655 4442 690 4451 -
708 4415 760 4464 Cic.
775 4413 806 4462 de
820 4414 888 4462 ont.
901 4415 953 4472 111,
970 4415 994 4462 3.
1015 4441 1047 4450 ·-
1060 4412 1115 4461 Val.
1131 4413 1199 4464 Mu.

141 4502 176 4560 V,
192 4502 214 4551 3.
225 4529 258 4538 -
269 4501 331 4551 Flor.
344 4505 396 4561 ΙΙΙ,
408 4518 449 4550 ar.
464 4528 498 4539 -
511 4500 576 4550 Plut.
587 4500 614 4549 in
626 4499 724 4559 MarIo,
743 4514 796 4567 cap.
810 4504 850 4560 74.
