2670 5018
152 782 220 865 264
246 787 312 849 ll).
336 782 528 849 sttssltls.
548 782 681 849 SUPP.
701 780 750 847 IN
778 778 889 846 LOC.
909 780 1002 847 LIB.
1022 780 1160 849 XCIII.

149 936 160 957 ιι
173 928 222 966 me
240 904 281 966 ad
303 904 366 964 boc
385 902 505 965 bellum
527 899 647 979 majore
664 896 794 978 studio,
810 919 908 984 quam
928 898 1079 980 consilio,
1093 900 1202 986 profe·

149 1022 277 1084 «ctum3
293 1003 411 1089 quippe
427 1001 485 1087 qui
502 999 634 1063 nomine
652 997 751 1063 modo
768 997 930 1087 imperiis
944 999 1038 1064 robis
1053 1017 1201 1088 eccepto,

151 1104 286 1166 “dicbus
302 1102 510 1189 quadraginta
527 1100 701 1164 exercitum
715 1099 840 1187 parari,
856 1100 1030 1189 hostesque
1045 1102 1079 1165 in
1099 1103 1202 1166 cervi·

148 1206 261 1266 «cibus
284 1203 349 1281 jam
372 1202 468 1264 ltaliae
487 1217 617 1290 agentes
638 1199 679 1263 ab
698 1200 833 1286 Alpibus
857 1202 891 1263 in
916 1202 1101 1289 Hispaniam
1121 1204 1200 1268 sub·

149 1306 274 1384 ‹11110vi3
297 1327 355 1391 per
376 1326 427 1365 eas
448 1302 508 1364 iter
526 1300 632 1379 aliud,
652 1316 749 1387 atque
768 1300 944 1381 Hannibal,
967 1302 1061 1365 nobis
1079 1325 1200 1391 oppor-

148 1438 158 1459 ιι
171 1407 281 1468 tunius
301 1404 443 1491 patefeci.

195 1508 311 1569 XXXI.
330 1536 342 1559 ιι
350 1503 467 1590 Recepi
488 1503 642 1583 Galliam,
661 1503 866 1591 Pyrenoeum,
887 1504 1105 1584 Iacetaniam,
1125 1503 1201 1566 ller-

147 1640 158 1662 ι
171 1625 277 1691 getes,
292 1622 324 1668 et
341 1605 482 1693 primum
495 1603 654 1691 impetum
669 1603 801 1667 Sertorii
814 1603 944 1666 victoris
959 1603 1051 1666 novis
1068 1602 1199 1690 quidem

147 1709 341 1786 «militibus,
362 1722 394 1767 et
414 1704 517 1767 multo
536 1703 743 1791 paucioribus
759 1704 919 1785 sustinui3
938 1703 1143 1791 hiememque
1164 1702 1197 1764 in

146 1810 278 1870 «castris
293 1809 377 1869 inter
389 1804 576 1869 sevissimos
589 1806 717 1884 hostes,
735 1828 801 1870 non
818 1827 876 1893 per
887 1804 1025 1894 oppida,
1040 1826 1145 1893 neque
1160 1825 1200 1867 ex

147 1908 344 1970 «ambitione
363 1930 452 1985 mea,
472 1907 533 1994 egi.
557 1905 645 1987 Quid
664 1905 739 1969 dein
761 1908 886 1993 praelia,
906 1923 963 1970 aut
980 1905 1199 1993 expeditiones

146 2009 336 2088 «hibernas,
355 2007 473 2095 oppido
486 2008 621 2086 exscisa,
637 2023 694 2070 aut
707 2023 834 2095 recepta
847 2006 1056 2071 enumerem?
1068 2004 1200 2094 quando

145 2134 217 2172 «res
235 2112 307 2198 plus
322 2111 448 2190 valent,
468 2132 564 2197 quam
578 2108 685 2173 verba.
704 2110 811 2172 Castra
824 2108 965 2173 bostium
979 2107 1066 2195 apud
1082 2108 1199 2172 Sucro-

147 2243 157 2265 ι
171 2236 244 2274 nrm
263 2227 371 2300 rapta,
393 2228 426 2274 et
439 2211 584 2299 praelium
599 2211 687 2298 apud
704 2208 825 2273 flumen
845 2209 997 2289 Duriam,
1017 2223 1050 2271 et
1061 2208 1130 2272 dux
1139 2207 1198 2271 bo-

146 2347 156 2365 ι
168 2315 265 2375 stium
281 2315 317 2375 C.
332 2313 513 2376 Herennius
526 2334 601 2375 cum
615 2310 695 2375 urbe
704 2300 867 2386 Valentia,
885 2326 918 2373 et
930 2310 1075 2374 exercitu
1086 2309 1197 2391 deleti,

147 2448 158 2468 ι
170 2415 244 2475 satis
254 2415 334 2476 clara
342 2413 433 2476 vobis
447 2428 534 2476 sunt.
543 2412 606 2476 Pro
612 2412 701 2500 quis,
713 2435 734 2474 o
748 2413 828 2499 grati
842 2412 969 2492 Patres,
982 2427 1153 2498 egestatem
1166 2427 1198 2474 et

147 2550 157 2567 ιι
171 2519 284 2577 lumem
303 2514 444 2576 redditis.
463 2515 576 2598 Itaque
592 2535 665 2575 mco
680 2529 713 2575 et
726 2514 869 2575 bostium
884 2512 1036 2576 exercitui
1048 2534 1108 2600 par
1117 2532 1196 2575 con·

145 2647 156 2666 «
168 2615 246 2674 ditio
261 2629 327 2675 est:
343 2635 483 2697 namque
496 2612 690 2698 stipendium
705 2614 812 2675 neutri
824 2613 934 2696 datum
947 2615 1049 2677 victor
1062 2629 1196 2700 uterque

144 2748 154 2766 ιι
167 2717 198 2775 in
216 2715 338 2775 ltaliam
360 2714 469 2775 venire
482 2727 597 2799 potest.
613 2712 713 2792 Quod
726 2735 785 2800 ego
799 2736 856 2777 vos
873 2737 991 2778 moneo
1003 2736 1194 2802 quaesoque,

143 2843 154 2865 ι
167 2829 201 2873 nt
212 2811 484 2891 animadvertatis,
497 2833 562 2873 neu
572 2813 693 2900 cogatis
707 2815 949 2879 necessitatibus
958 2815 1106 2902 privatim
1118 2814 1195 2877 milti

144 2913 343 2973 «consulere.
374 2912 558 2998 Hispaniam
585 2912 786 2994 citeriorem,
809 2939 881 3002 quae
905 2938 971 2979 non
991 2915 1033 2979 ab
1050 2915 1196 2979 hostibus

144 3046 153 3065 ιι
166 3028 308 3091 tenetur,
326 3035 385 3073 nos
401 3029 458 3075 aut
474 3013 633 3077 Sertorius
654 3013 694 3076 ad
715 3016 967 3079 internecionem
985 3015 1194 3095 vastavimus,

141 3148 151 3165 ι
166 3130 277 3200 praeter
293 3114 466 3176 maritimas
479 3115 640 3194 civitates,
659 3137 731 3202 quae
747 3115 832 3178 ultro
847 3116 941 3179 nobis
957 3115 1103 3203 sumptui
1119 3136 1195 3179 one·

143 3237 268 3300 “I'lqllee

188 3317 323 3376 XXXII.
342 3316 465 3378 «Gallia
477 3316 641 3402 superiore
655 3339 741 3379 anno
757 3318 876 3380 Metelli
890 3317 1064 3380 exercitum
1080 3317 1197 3405 stipen-

144 3447 154 3466 ιι
167 3414 221 3476 dio
238 3418 468 3499 trumentoque
488 3415 586 3494 aluit3
609 3431 642 3478 et
662 3439 750 3479 nunc
771 3417 862 3480 malis
880 3417 1039 3480 fructibus
1058 3418 1126 3504 ipsa
1145 3418 1196 3481 rix

142 3517 267 3602 «agitat.
287 3518 355 3601 Ego
369 3538 434 3576 non
448 3536 515 3577 rent
530 3516 714 3579 familiarem
728 3515 844 3594 modo,
854 3540 965 3580 verum
977 3516 1195 3599 etiarnfidem,

141 3617 356 3701 «consumpsi.
377 3614 502 3700 Reliqui
518 3637 575 3677 vos
589 3616 681 3695 estis;
694 3615 750 3701 qui
765 3615 826 3679 nisi
840 3616 1033 3698 subvenitis,
1050 3618 1152 3681 invito
1165 3634 1198 3681 et

141 3747 152 3768 ιι
166 3716 354 3800 praedicente
376 3738 446 3793 me,
470 3714 627 3778 exercitus
650 3714 723 3795 bic,
745 3731 872 3778 etcum
896 3738 935 3779 eo
958 3738 1056 3780 omne
1074 3716 1194 3780 bellurn

140 3846 151 3867 ιι
165 3816 320 3900 llispaniae
342 3816 374 3876 in
399 3816 520 3877 ltaliam
542 3814 825 3904 transgredietur.»
843 3818 919 3880 Hoec
937 3818 1070 3904 epistola
1089 3839 1197 3905 perte·

143 3930 231 3974 uerat
245 3916 378 3975 Romam
391 3962 399 3993 ,
417 3936 519 4000 quum
531 3915 639 3979 adbuc
652 3916 685 3979 in
698 3916 779 3980 urbe
787 3917 940 3980 Lucullus
953 3918 1067 3980 consul
1077 3933 1195 4007 egeret.

138 4012 263 4074 Idcirco
277 4015 407 4098 negotio
425 4037 560 4100 propere
571 4015 612 4078 ad
625 4030 772 4080 senatum
786 4016 900 4097 relato,
916 4038 1020 4103 quum
1034 4030 1067 4080 et
1080 4038 1133 4081 res
1143 4038 1194 4081 co·

139 4128 243 4199 geret,
266 4127 297 4173 et
316 4114 467 4175 Lucullus
488 4131 597 4196 metu,
620 4138 661 4179 ne
680 4117 852 4205 Pompeius
869 4115 910 4180 ad
931 4117 1046 4180 urbem
1062 4118 1193 4181 veniens

140 4211 390 4273 mithridaticum
409 4214 469 4274 sibi
488 4215 608 4277 bellum
630 4218 830 4304 praeriperet,
850 4240 980 4281 summo
1003 4218 1113 4282 studio
1135 4241 1192 4282 an·

138 4312 309 4390 niteretur,
330 4312 524 4398 stipendium
539 4315 568 4377 ci
583 4316 713 4379 missum
729 4334 785 4382 est.

170 4505 185 4567 5
199 4507 294 4552 XXXI.
309 4506 370 4553 1¹lm.
383 4509 408 4553 in
422 4509 535 4571 Lucullo,
547 4526 601 4574 cap.
613 4527 651 4561 to.
667 4538 701 4551 -
717 4511 860 4575 suun.
874 4511 970 4559 Sallust.
982 4538 1017 4549 -
1030 4512 1094 4560 Plus.
