2670 5018
286 58 350 98 ran
364 32 552 120 oportebat,
569 32 611 93 ita
626 47 663 94 ut
681 30 753 94 duae
769 31 858 95 horte
874 54 915 95 ac·

286 153 350 199 tur.
375 133 588 196 Laudationes
605 132 701 194 etiam
719 149 751 196 et
770 156 881 220 preces
901 156 917 196 a

286 237 383 300 rebus
398 235 492 298 multi
506 235 607 321 erepti
620 252 773 298 nocentes
785 236 923 315 fuerant

288 354 425 426 utruque
437 338 526 425 lege,
541 359 581 399 ex
594 337 650 416 iis,
667 336 724 424 qui
736 337 886 400 consules
901 336 926 399 n

286 440 387 504 creari
403 437 584 527 oportebat.
598 438 641 500 Et
658 459 725 524 quo
743 437 891 525 pluribus
908 461 929 501 a·

286 539 428 604 ambitus
450 538 746 626 constn‘ngeretur,
770 537 934 603 dabatur:

285 640 435 705 damnati
452 639 560 703 eodem
575 641 705 703 crimine
713 638 878 725 fiunem
895 662 938 728 pn

285 746 316 803 si
329 744 397 829 quis
418 740 531 803 horum
553 738 632 803 duos
648 741 756 804 similis
775 740 941 827 infieriorist

288 862 385 905 mmm
402 862 488 904 reum
495 842 674 929 peregisset.

330 945 483 1008 XXXIII.
509 944 664 1008 Voluerat
683 961 716 1007 et
736 946 904 1032 preteritis
922 945 949 1009 d«

286 1044 485 1109 constituere
500 1046 690 1133 Pompeius3
707 1045 764 1109 sed
776 1047 812 1110 id
820 1048 952 1136 uequejt

287 1145 399 1225 modo,
418 1148 493 1207 satis
509 1168 697 1231 congruere,
723 1150 803 1210 Cato
819 1150 956 1236 putabat.

285 1269 324 1311 ea
341 1246 429 1333 lege,
446 1260 558 1309 contra
574 1268 672 1333 quam
688 1270 752 1310 uon
764 1248 960 1337 deliqut'sset,

285 1362 424 1437 tempus,
449 1348 532 1411 uude
557 1349 690 1436 incipete
712 1349 823 1414 debeat
843 1352 912 1415 hoec
931 1375 963 1414 αι

286 1474 343 1515 nee
359 1465 538 1538 exemptum
560 1473 582 1513 a
599 1451 788 1514 sermonibus
796 1451 887 1538 stne.
906 1453 965 1516 Pot

287 1553 355 1640 ipse
372 1553 536 1639 refugere,
553 1549 644 1638 quod
666 1551 701 1613 in
720 1553 799 1617 alios
820 1570 962 1641 pararet,

287 1676 342 1717 mo
370 1675 431 1716 suo
461 1653 632 1716 consulatu
658 1653 794 1717 honoris
821 1653 965 1744 adipiscet

287 1754 430 1835 fecisset,
454 1753 688 1842 comprehendi
713 1756 869 1821 volebat:
890 1759 965 1823 ultet

285 1877 326 1917 eo
346 1855 502 1942 temporis
524 1856 696 1943 complexu
718 1858 848 1922 Caesaris
870 1859 965 1924 etiam

288 1952 394 2020 batur.

330 2057 482 2121 XXXIV.
511 2059 615 2149 Igitur
639 2059 749 2124 amieis
775 2061 843 2142 cjus
867 2084 965 2149 quere

286 2154 426 2244 allegari
437 2158 602 2241 Coesarem,
618 2161 707 2250 cujus
717 2164 798 2227 sicut
809 2180 905 2228 extra
914 2186 965 2249 sus

284 2256 331 2317 ita
353 2273 450 2321 extra
464 2260 656 2347 pericnlum,
680 2262 815 2329 dicebat.
838 2267 965 2328 Contra*

286 2356 463 2412 §passast-w>
