2670 5018
240 786 244 793 ’
273 787 327 856 IN
355 787 470 856 L'OC.
495 786 587 853 Llli.
614 784 716 853 CXV
745 784 961 857 LIVIANI.
1081 787 1144 858 adt

92 905 193 971 modo
210 905 429 986 Mithridates,
449 904 505 970 sed
524 906 619 968 etiam
638 927 731 992 opes,
754 906 879 993 copias,
902 929 991 994 spem
1008 909 1150 998 denique

92 1006 313 1095 expugnandae
327 1007 433 1094 Cyzici
452 1021 705 1093 consumpserat.
718 1006 821 1094 Igitur
831 1007 979 1072 Hermae0
988 1010 1151 1101 Varioque

93 1108 216 1172 traditis
237 1107 417 1195 peditibus,
439 1130 581 1195 quorum
600 1130 757 1171 numerus
778 1108 885 1173 adhuc
910 1111 1037 1198 triginta
1054 1115 1151 1178 millia

92 1209 272 1295 superabat,
284 1211 352 1295 ipse
363 1209 524 1272 maritimo
534 1208 649 1272 itinere
660 1209 693 1271 in
705 1231 842 1297 regnum
854 1211 1014 1299 cogitabat
1026 1215 1151 1280 reverti.

137 1311 211 1372 ΧΗ.
230 1311 352 1390 Noctu,
367 1333 433 1396 quo
446 1311 569 1373 falleret
582 1311 747 1391 obsessos,
765 1311 940 1376 conscendi
957 1313 1080 1401 navigia
1090 1312 1154 1391 jus·

94 1411 143 1474 sit.
156 1409 219 1473 Sed
229 1433 267 1473 ea
283 1411 410 1491 majoris
428 1409 649 1498 trepidationis
667 1434 762 1475 causa
775 1413 838 1476 fuit
852 1436 859 1477 :
874 1413 954 1477 dum
970 1414 1055 1477 inter
1067 1430 1154 1477 tene·

95 1511 180 1593 bras,
202 1527 292 1576 metu
308 1513 520 1575 reverentiam
537 1513 663 1601 imperii
677 1514 843 1594 vincente,
860 1516 1005 1579 certatim
1024 1529 1056 1579 et
1074 1537 1152 1602 pro·

95 1612 215 1674 miscue
225 1611 267 1674 ad
277 1634 372 1674 naves
383 1613 506 1693 ruitur,
517 1612 664 1700 quaedam
677 1636 753 1677 cum
767 1614 836 1695 his,
849 1615 904 1701 qui
916 1615 1154 1697 inscenderant,

95 1712 267 1776 submersae
281 1728 376 1794 sunt3
391 1714 458 1776 aliae
475 1715 611 1779 turbatae
625 1731 721 1802 atque
738 1717 940 1782 circumactae
957 1720 1028 1805 plus
1047 1717 1154 1782 adhuc

96 1837 191 1877 morae
210 1815 544 1902 consternationisque
560 1817 716 1880 fecerunt.
738 1819 809 1881 Hoc
825 1818 925 1881 modo
941 1841 1023 1907 aegre
1042 1818 1154 1881 solutis

95 1918 232 1994 ancoris,
253 1914 382 1978 Parium
406 1938 462 1997 rex
481 1917 638 2002 pervenit.
657 1918 756 1998 Quod
774 1918 831 1981 ubi
854 1918 1009 2005 postridie
1025 1943 1043 1982 a
1060 1919 1155 2008 Cyzi-

95 2017 181 2081 cenis
195 2032 244 2080 est
255 2017 439 2104 cognitum,
455 2033 658 2081 excurrentes
672 2019 706 2080 in
720 2019 853 2082 Pontica
870 2036 985 2102 castra,
998 2021 1155 2107 reliquam

96 2117 200 2181 adhuc
224 2133 376 2205 aegrotam
403 2114 644 2179 multitudinem
669 2118 900 2197 rotaciderunt,
925 2121 1056 2201 ablatis,
1083 2143 1155 2208 quae

96 2221 174 2283 verti
187 2221 221 2282 in
238 2217 376 2306 praedam
392 2231 551 2304 poterant.

139 2321 230 2384 Xlll.
246 2320 313 2383 Sub
327 2319 412 2382 idem
429 2335 557 2404 tempus
569 2316 744 2380 Archelaus
758 2317 864 2380 classis
878 2318 972 2405 regiae
986 2321 1155 2406 praefectus

98 2423 331 2506 (Aristonicum
356 2418 548 2482 Plutarchus
573 2416 730 2505 appellat)
755 2419 789 2481 in
818 2434 1009 2505 potestatem
1030 2420 1155 2485 Luculli

97 2523 250 2609 pervenit.
269 2522 399 2586 Miserat
418 2542 493 2583 eum
510 2517 730 2600 Mithridates,
749 2535 787 2582 ut
802 2521 970 2609 negotium
987 2521 1156 2585 facesseret

98 2624 198 2705 hosti,
222 2646 263 2686 ne
285 2622 488 2686 recedentem
511 2644 530 2684 a
555 2621 672 2707 Cyzico
695 2621 787 2708 sequi
811 2637 937 2708 posset3
962 2621 1158 2710 dederatque

98 2723 207 2788 decem
227 2724 324 2786 millia
347 2745 540 2803 aureorum,
564 2720 606 2786 ad
630 2722 814 2787 limbrianas
834 2724 1087 2811 corrumpendas
1112 2725 1157 2788 le·
1230 2710 1236 2719 ¹

98 2824 218 2911 giones.
229 2823 292 2888 Sed
302 2824 368 2898 ille,
386 2822 481 2886 fidem
492 2847 510 2885 a
520 2822 650 2912 perfidis
664 2824 773 2911 inepte
787 2845 914 2910 sperare
927 2847 1039 2906 ausus,
1054 2849 1156 2914 quum

100 2940 250 3011 tanquam
264 2924 304 2987 ad
319 2923 519 3011 accipiendas
535 2923 645 3011 copias
660 2924 821 2989 destinato
840 2941 985 3013 tempore
1001 2927 1156 3008 venisset,

100 3025 226 3104 occisis,
244 3047 326 3111 quos
340 3047 450 3087 secum
468 3023 658 3107 adduxerat,
674 3025 972 3112 comprehenditur.
987 3028 1156 3111 Lucullus,

101 3126 227 3209 audito,
252 3126 415 3213 pedestres
441 3126 635 3191 Mithridatis
659 3127 767 3213 copias
793 3129 1003 3217 Lampsacum
1029 3145 1159 3216 petere,

102 3229 255 3292 continuo
271 3229 479 3314 insequutus,
496 3227 537 3289 ad
547 3227 705 3315 AEsepum
722 3250 849 3291 amnem
864 3227 1087 3317 deprehendit,
1103 3231 1159 3316 qui

103 3345 165 3392 tum
183 3330 260 3393 anni
277 3345 422 3416 tempore
441 3329 590 3415 pluvioso
610 3328 786 3416 plurimum
807 3346 957 3393 creverat.
976 3330 1025 3392 lbi
1042 3329 1159 3395 Grani·

103 3454 155 3493 cus
168 3431 347 3518 etAEsepus
363 3453 474 3493 amnes
487 3445 699 3493 cruentarunt
711 3429 814 3492 undas
825 3451 834 3508 ;
849 3429 1077 3516 regiorumque
1088 3452 1160 3516 par·

103 3530 157 3592 tim
172 3531 264 3617 aquis
274 3531 403 3610 hausta,
420 3530 537 3617 partim
550 3530 721 3594 hostilibus
735 3529 864 3595 concisa
876 3530 988 3608 armis,
1004 3529 1045 3592 ad
1062 3531 1158 3594 millia

103 3632 212 3719 viginti
234 3633 419 3718 perierunt,
443 3653 579 3719 magnus
602 3647 754 3717 prseterea
777 3645 889 3716 captus
911 3646 960 3692 est
983 3652 1160 3695 numerus:

102 3733 270 3819 plusquam
288 3731 439 3795 undecim
457 3733 555 3795 millia
573 3732 607 3793 in
620 3732 730 3818 praelio
749 3730 946 3796 ceciderunt.

145 3835 231 3897 XlV.
249 3838 404 3913 Caeteros,
422 3857 524 3921 quum
543 3856 577 3896 se
598 3833 809 3897 munimentis
826 3830 937 3919 oppidi
955 3832 1160 3914 clausissent,

103 3936 253 3999 Lucullus
269 3935 410 4015 obsedit,
429 3936 534 3998 donec
544 3957 562 3997 a
574 3932 761 3997 Mithridate
780 3932 875 3996 missa
891 3931 1015 4014 classis,
1032 3947 1065 3996 et
1082 3933 1160 4014 illis,

102 4052 133 4098 et
145 4038 367 4124 Lampsacenis
384 4036 537 4099 omnibus
557 4034 750 4121 exportatis,
766 4056 897 4099 vacuam
914 4033 1030 4097 urbem
1048 4034 1160 4098 victori

102 4138 239 4225 reliquit.
258 4138 319 4200 Hic
333 4154 467 4201 eventus
482 4135 660 4200 obsidionis
677 4136 833 4223 cyzicenae
850 4137 932 4217 luit,
949 4158 1012 4223 qua
1029 4137 1161 4223 periisse

102 4236 140 4300 de
159 4239 256 4326 regiis
273 4239 412 4301 militum
436 4239 636 4325 lixarumque
655 4237 696 4303 ad
715 4253 857 4302 trecenta
877 4236 975 4302 millia
994 4252 1160 4325 putantur.

133 4460 207 4523 SU-
221 4463 293 4508 0r⁰⁵·
305 4463 336 4513 V·
348 4468 390 4514 ²4·
403 4489 435 4497 -
449 4464 500 4508 Liv.
514 4462 579 4526 Epit.
596 4488 629 4497 -
644 4462 765 4510 Plutarch.
778 4464 804 4509 in
816 4461 926 4509 Luculle.
941 4488 975 4496 -
989 4461 1115 4507 Memnon
1127 4483 1161 4493 -

99 4542 196 4607 §qu
205 4544 328 4593 Plutarch.
338 4544 363 4592 in
373 4544 483 4594 Lucullo.
492 4573 526 4583 —
536 4547 661 4596 Memnon.
672 4574 706 4584 -
716 4546 821 4639 Appiam
831 4543 944 4593 Mithrid.
953 4569 989 4580 -
1001 4541 1063 4589 Flor.
1074 4541 1123 4597 111,
1135 4539 1159 4589 ⁵.
