2670 5018
440 50 451 71 κ
463 44 600 101 majores
623 39 749 88 nostri?
767 39 881 109 Quum
905 39 975 94 Urb

438 124 499 185 «ab
520 124 627 188 Ardea
651 144 683 189 et
703 130 790 193 Veiis
813 155 975 197 romanun

438 256 449 277 «
464 226 544 289 ulter·
560 228 650 289 urbis
668 229 859 319 imperiique
877 236 975 298 nostri

439 329 641 413 «quominus
657 331 769 395 eadem
786 336 915 422 sequuti
931 361 975 400 eo:

438 427 660 495 «debeamusi'
678 435 763 497 Curu
786 458 826 527 eo
849 435 975 501 bomin<

436 547 492 594 aet
514 532 738 598 incredibilem
761 538 971 627 cupiditatem

436 650 567 720 «tegere
593 652 721 723 potest,
746 657 897 704 manente
924 641 976 704 bel

434 734 549 817 «Quid
565 736 656 800 illum
671 738 835 804 facturum
850 742 975 807 censeti:

434 838 632 919 «victorem,
657 841 714 927 qui
736 865 827 907 nune
842 844 974 910 arbitret

432 938 573 1003 «tribuit
588 943 765 1026 exercitus,
793 942 963 1035 dilargitur

432 1068 444 1092 α
455 1040 591 1127 pulique
602 1044 737 1122 ,ffomnia
756 1063 887 1111 senatus
900 1049 974 1127 jura

473 1143 544 1206 Vll.
562 1174 575 1199 «ι
585 1146 670 1207 Curu
684 1145 748 1209 boc
763 1164 828 1211 tam
845 1152 975 1239 superb(

429 1259 500 1308 «est
514 1245 766 1331 decertandum,
781 1267 820 1314 ut
836 1254 973 1317 omnino

429 1370 579 1430 «remu33
596 1349 653 1413 sed
674 1367 802 1434 tumen,
825 1354 947 1419 etiamsi
971 1386 975 1415 t

426 1451 560 1537 «potius
577 1470 744 1541 optemus,
762 1478 860 1542 quam
876 1458 975 1521 ornnit

425 1582 439 1607 ι
452 1575 517 1639 que
530 1552 700 1635 dominos,
717 1557 971 1622 insolentissimu

424 1686 437 1707 a
450 1653 550 1719 fixum
567 1656 802 1745 decretumque
817 1676 882 1739 est,
900 1683 967 1723 nun

425 1757 544 1845 «periis
556 1758 706 1845 praediti,
724 1759 878 1823 adhibere
890 1757 976 1824 'virtu

424 1886 437 1909 a
448 1858 563 1938 etiam,
583 1859 610 1921 si
626 1858 696 1921 fieri
710 1878 836 1947 posset,
856 1886 973 1951 augere

422 1988 435 2011 «ι
446 1958 526 2019 tioru
544 1976 703 2046 praestare.
718 1961 833 2047 Neque
850 1986 902 2025 ure
918 1964 964 2027 sie

422 2088 435 2112 α
444 2058 552 2138 ihrer,
566 2076 604 2122 ut
616 2062 820 2126 fortunatum
834 2065 867 2126 in
882 2066 975 2128 omni.

444 2161 450 2172 ·
613 2163 633 2188 .-
682 2180 688 2188 ,
772 2166 802 2188 ,τ
