2670 5018
300 680 358 749 IN
386 679 498 749 LOC.
522 680 618 747 LIB.
645 678 789 747 LXXX
817 681 1031 753 LIVIANI.
1150 710 1190 782 7¹

135 798 272 863 «sevitia
294 799 338 864 ad
355 798 520 864 urendum
543 800 802 890 secandumque,
824 800 881 867 sed
900 803 1117 872 misericordia
1133 809 1195 874 bo·

134 901 266 984 «minis,
289 918 323 966 et
343 901 493 967 servandi
514 924 590 985 eum
611 904 782 994 proposito
797 919 958 992 votoque,
976 906 1194 995 adducuntur.

134 1001 242 1068 «Idem
258 1024 321 1092 ego
335 1002 400 1066 hoc
416 1018 564 1090 tempore
576 1004 780 1094 sequendum
794 1004 890 1069 nobis
905 1007 1087 1097 exemplum
1098 1028 1197 1076 autu·
1266 1030 1273 1042 ’

134 1129 221 1187 «mo,
240 1105 363 1194 quibus
380 1105 414 1168 in
432 1106 705 1194 periculosissimo
724 1106 859 1172 civitatis
876 1108 1011 1192 morbo,
1025 1111 1066 1176 de
1079 1113 1196 1180 idonea

133 1206 370 1271 «medicatione
390 1205 637 1274 deliberandum
654 1226 713 1273 est.
735 1210 836 1290 Sane,
853 1208 880 1272 si
897 1225 981 1274 esset
999 1211 1105 1300 aliqua
1127 1236 1196 1278 me·

134 1308 250 1374 «dendi
272 1309 405 1374 suavior
423 1310 524 1391 ratio,
545 1310 631 1376 illam
652 1311 763 1400 potius
782 1310 999 1376 adhibendam
1020 1336 1089 1378 esse
1107 1313 1196 1379 dice-

132 1433 238 1491 ‹rem3
264 1410 322 1477 sed
342 1411 419 1501 quia
440 1411 521 1475 mihi
545 1428 749 1502 compertum
769 1427 835 1493 cst,
852 1412 917 1477 boc
938 1436 1041 1501 genus
1064 1413 1197 1478 morbos

134 1535 217 1577 «non
235 1512 403 1579 emendari
419 1513 532 1578 timida
549 1514 739 1596 curatione,
755 1513 813 1578 scd
830 1514 940 1605 augeri
955 1515 1075 1599 solere;
1098 1538 1196 1579 nemo

136 1615 342 1696 mirabitur,
364 1615 407 1695 si,
431 1614 522 1705 quod
541 1617 576 1679 iu
599 1638 737 1705 corpore
760 1639 834 1680 meo
854 1614 1026 1682 salubriter
1043 1634 1196 1707 expertus

135 1738 243 1799 «sum,
259 1715 348 1782 idem
364 1719 400 1780 in
416 1716 582 1806 republica
597 1716 790 1797 tentandum
809 1717 959 1781 arbitror.

173 1817 327 1881 XXXIV.
346 1817 484 1900 «Quum
504 1817 632 1882 molesti
656 1818 736 1882 mihi
755 1818 877 1883 varices
900 1834 1025 1902 essent,
1043 1841 1201 1908 exsecan-⁴
1223 1839 1224 1842 ’

135 1917 212 1982 «dos
232 1918 387 2007 praebui:
412 1942 480 1983 non
502 1919 612 1983 aberat
632 1919 809 1984 acutissimi
832 1918 954 1983 doloris
977 1943 1112 2003 sensus,
1137 1921 1195 1986 sed

134 2021 232 2085 -unti
261 2043 331 2086 esse
355 2019 573 2085 valetudinem
601 2019 791 2088 arbitrabar.
821 2019 905 2083 Sunt
931 2021 1049 2104 etiam,
1074 2021 1195 2105 credite

134 2121 247 2204 «mihi,
263 2120 391 2185 suntin
409 2120 579 2209 praesentia
598 2119 732 2208 quidam
749 2119 840 2193 velut
854 2119 1040 2212 reipublicae
1055 2124 1194 2206 varices,

134 2246 235 2312 «quos
251 2223 350 2296 etiam
366 2222 572 2289 cumdolore
588 2221 733 2312 quodam
749 2222 897 2311 corporis
915 2221 1033 2305 excidi,
1052 2223 1093 2290 ad
1112 2226 1197 2290 sani·

133 2340 249 2390 «tatem
265 2324 436 2414 profuerit.
452 2325 568 2412 Neque
588 2324 643 2388 hic
661 2324 742 2388 mihi
763 2321 967 2411 clementiam
988 2324 1119 2419 aliquis,
1140 2342 1197 2390 aut

133 2425 405 2492 «misericordiam
425 2425 594 2490 nominet:
610 2421 692 2514 saepe
709 2426 736 2489 is
754 2425 882 2500 animus
897 2425 989 2518 aegris
1005 2442 1069 2508 est,
1087 2442 1125 2491 ut
1144 2428 1196 2490 in·

132 2527 247 2591 «terite
266 2525 401 2607 morbo,
418 2549 516 2614 quam
532 2525 662 2592 liberari
677 2550 753 2598 cum
768 2526 876 2614 aliqua
896 2527 1043 2591 molestia
1062 2526 1195 2594 malint:

131 2628 201 2692 «his
223 2627 281 2716 qui
301 2626 465 2717 parcendo
488 2643 600 2709 nocet,
620 2650 717 2714 quam
736 2626 793 2717 qui
815 2626 1016 2712 offendendo
1037 2629 1194 2713 consulit,

132 2729 390 2794 «crudeliorem.

171 2831 308 2897 XXXV.
326 2831 505 2895 «Praeterea
519 2852 653 2895 summae
670 2829 841 2894 dementire
856 2852 907 2911 res
919 2845 1020 2911 esset,
1037 2852 1092 2894 eos
1106 2831 1196 2895 inco-

131 2932 255 2999 «lumes
272 2933 359 3022 pati,
388 2931 508 3023 quibus
533 2954 628 3012 mox,
650 2931 677 2994 si
704 2930 787 2996 forte
808 2929 928 3011 iterum
952 2927 1194 3013 convalescant,

131 3032 295 3099 «dandum
314 3033 464 3123 jugulum
485 3033 591 3096 fuerit.
608 3032 782 3097 Pareamus
801 3054 878 3096 sane
896 3031 1029 3108 sullanis
1048 3031 1197 3127 homini-¹

131 3135 230 3216 «bus,
252 3135 281 3199 si
303 3134 348 3198 illi
366 3134 533 3217 Gratidio,
553 3135 580 3198 si
603 3134 764 3224 Sulpicio,
785 3134 811 3197 si
831 3149 1019 3206 nostrorum
1042 3134 1194 3221 cuiquam

130 3251 367 3326 «pepercerunt
380 3258 388 3300 :
403 3259 478 3300 narn
496 3236 542 3300 illi
564 3235 697 3324 quidem
713 3250 811 3327 atque
833 3235 885 3318 alii
907 3235 1002 3313 multi
1023 3234 1196 3300 crudeliter

131 3339 309 3404 «interfecti
333 3354 431 3420 sunt3
456 3362 517 3404 nos
539 3337 699 3417 beneficio
723 3325 808 3427 fugai
829 3337 939 3427 prius,
967 3359 1056 3400 nunc
1076 3337 1195 3400 virtute

132 3457 261 3505 «nostra
284 3457 315 3504 et
334 3463 501 3514 armorum
524 3441 642 3524 tutela,
660 3434 978 3522 vivimus3'carituri
995 3439 1076 3518 vita,
1097 3438 1195 3501 simul

131 3539 199 3605 «his
220 3564 331 3606 carere
355 3543 571 3632 coepissemus.
594 3540 883 3627 Quemadmodum
910 3540 1009 3630 igitur
1031 3554 1194 3603 amentem

132 3642 276 3729 «potius,
297 3665 397 3730 quam
421 3643 678 3727 misericordem,
699 3664 905 3723 vocaremus,
931 3641 988 3729 qui
1013 3641 1114 3704 feram
1137 3640 1194 3705 be·
1296 3671 1304 3679 ·

133 3744 263 3822 «stiam,
280 3769 385 3832 quum
406 3768 564 3835 occupare
585 3746 650 3810 telo
671 3761 800 3835 posset,
817 3743 993 3809 abstineret
1012 3742 1099 3824 ictu,
1118 3765 1195 3806 mox

131 3846 191 3909 ·ab
209 3869 245 3911 ee
267 3844 493 3928 devorandus3
513 3847 558 3910 ita
572 3848 661 3912 nulla
679 3861 789 3935 posset
809 3844 961 3909 exsistere
982 3843 1057 3907 satis
1079 3843 1195 3907 acerba

130 3965 269 4014 «nostrae
285 3948 427 4012 stultitiae
440 3949 620 4029 accusatio,
638 3947 664 4012 si
677 3947 785 4012 rivere
801 3946 981 4024 sineremus
995 3968 1068 4029 eos,
1083 3968 1102 4009 a
1120 3944 1194 4033 qui·

131 4047 211 4112 «bus
234 4049 331 4114 toties
352 4049 444 4137 petiti
466 4048 507 4113 ad
524 4072 636 4112 necem
657 4070 788 4130 sumus,
808 4063 847 4111 ut
867 4047 932 4111 sint
951 4047 1116 4128 videlicet,
1136 4045 1193 4137 qui

131 4178 144 4202 ι
153 4171 210 4213 nos
224 4165 420 4236 nostrosque
434 4165 468 4214 et
481 4150 538 4212 has
553 4149 691 4214 omnino
703 4164 809 4238 partes
821 4147 969 4213 funditus
981 4148 1105 4213 tollant.

172 4249 324 4314 XXXVI.
339 4251 406 4313 «Ut
420 4251 508 4314 enim
528 4251 627 4314 semel
644 4251 799 4339 explicate
812 4249 936 4332 dicam,
952 4248 1042 4338 quod
1058 4271 1109 4312 res
1125 4263 1194 4327 est;

163 4449 180 4514 3
197 4451 317 4499 XXXIV.
330 4450 384 4500 Cic.
394 4452 467 4501 Tusc.
481 4453 576 4516 Quaest.
591 4453 628 4509 11,
639 4468 682 4499 22.
