2670 5018
630 46 687 93 aut
700 32 825 117 equites
839 28 907 107 ejus
922 25 1121 108 inciderant,
1135 26 1181 90 fat

675 131 791 193 LXIX.
808 128 907 192 Venit
919 142 951 191 et
967 128 1000 189 in
1014 142 1182 215 potestater

630 232 727 294 Irrum
744 230 909 318 Pompeii,
927 252 1026 316 quem
1043 230 1147 292 Caesar
1170 253 1183 291 t

630 333 774 413 remisit,
797 336 957 396 interresse
973 330 1172 419 reipublicae,

628 438 709 499 sium
724 450 819 514 esset,
837 458 904 498 una
920 434 1180 522 colloquerentur.

628 537 812 626 legionibus
828 559 884 601 sex
897 559 926 600 a.
940 534 972 600 d.
990 536 1079 599 VIII.
1094 534 1137 599 id.
1154 558 1185 597 m

614 642 790 724 ,exercitus
804 664 919 731 magna
937 663 1011 730 pars
1029 662 1069 705 ex
1082 655 1190 703 recent

629 743 664 805 in
677 742 794 807 itinere
805 758 991 830 exceperat,
1003 744 1150 806 confecta
1162 764 1191 806 er

629 841 727 923 lium,
740 843 895 923 majorem
908 866 948 906 ex
960 841 1108 923 duobus,
1127 865 1191 906 cun

628 944 745 1007 auxilia
758 944 905 1034 gentium
919 966 957 1008 ae
975 967 1090 1033 regum
1104 945 1194 1008 conci

627 1044 798 1108 rhachium
810 1045 1022 1133 premiserat,
1034 1068 1110 1109 cunr
1123 1046 1196 1136 trigi

627 1146 676 1234 pit
700 1146 871 1234 negotium
895 1146 983 1234 pacis
1005 1169 1013 1209 τ
1035 1170 1110 1210 nam
1133 1163 1167 1211 et
1188 1148 1197 1210 I

627 1246 747 1328 Balbo,
770 1246 862 1327 cujus
887 1262 979 1333 pater
998 1248 1128 1312 Lentuli
1149 1271 1199 1312 era

625 1349 757 1413 Caesaris
779 1347 939 1430 habente,
961 1350 1129 1414 conveniri
1156 1373 1199 1414 no

625 1452 700 1516 nius
714 1451 815 1532 Libo,
839 1451 895 1538 qui
916 1467 985 1515 erat
1000 1453 1072 1515 Sex.
1090 1453 1202 1540 Pomp‹

625 1552 796 1633 inductus,
816 1575 892 1615 curn
909 1551 1066 1640 Pompeio
1084 1551 1126 1617 de
1146 1577 1203 1618 con

625 1678 698 1721 sum
713 1670 780 1732 est,
800 1653 891 1743 quod
912 1656 1063 1719 eonsules
1085 1654 1205 1719 absint.

624 1758 677 1846 agi
692 1780 759 1820 non
776 1779 882 1845 posse.

668 1859 769 1923 LXX.
790 1857 860 1921 Nec
878 1856 1031 1937 deerant,
1052 1858 1108 1944 qui
1131 1860 1207 1922 exist

624 1960 699 2047 peio
713 1960 864 2024 eonsules
881 1960 997 2042 fuisse,
1016 1982 1057 2022 ne
1076 1959 1156 2046 quid
1175 1982 1208 2022 nt

622 2062 728 2125 tiones
753 2078 925 2149 caperent,
948 2078 1097 2149 suspecta
1119 2084 1207 2149 pres«

622 2183 730 2248 neque
743 2162 870 2251 Magius
885 2164 1036 2227 remissus
1049 2163 1089 2226 ad
1103 2166 1207 2227 Caesar

621 2264 779 2326 Caeterum
799 2266 851 2327 ille
869 2265 986 2347 multa,
1003 2289 1070 2329 suar
1086 2288 1188 2329 eausae
1206 2316 1207 2323 ,
