2670 5018
279 751 333 820 IN
367 752 481 820 Loc.
507 753 597 820 LIB.
624 753 793 821 LXXIX·
820 756 1030 826 LlVlANl.
1144 755 1182 827 51

131 875 180 937 «0
189 872 286 936 Marii
306 893 449 952 nomen,
471 872 593 959 ubique
608 874 752 960 amplum
769 890 867 962 atque
888 875 1083 943 honoratum
1098 902 1188 944 esse:

131 974 312 1037 «neminem
327 975 431 1038 ferme
443 974 577 1037 militem
589 991 777 1039 veteranum
790 976 863 1039 ullis
878 977 913 1039 in
928 980 1037 1043 castris
1048 983 1189 1046 romanis

131 1075 305 1157 niuveniri,
329 1076 389 1163 qui
413 1075 476 1139 sub
498 1076 561 1139 hoc
584 1077 776 1164 imperatore
799 1099 864 1140 non
887 1079 1059 1159 meruerit;
1083 1103 1189 1170 neque

130 1176 313 1264 «ignomm,
341 1191 496 1264 quantam
512 1177 579 1241 vim
602 1176 689 1264 apud
711 1178 864 1241 militares
885 1179 1011 1243 animos
1036 1185 1189 1248 memoria

131 1276 272 1341 aducum
291 1278 426 1359 hebeat,
444 1301 586 1365 quorum
602 1279 746 1366 auspicio
760 1280 913 1362 vicerint,
931 1304 1071 1368 quorum
1090 1282 1190 1348 bene·

131 1376 222 1442 -licio
242 1378 348 1460 dona,
363 1379 523 1454 honores,
543 1379 685 1460 divitias,
703 1380 820 1444 famam
838 1382 903 1445 sint
920 1384 1124 1470 consequuti.

171 1481 295 1544 XXIX.
316 1481 455 1545 «Sedet
478 1482 512 1545 in
534 1480 786 1570 magistratibus,
808 1504 891 1568 quos
909 1498 1036 1572 togatus
1055 1484 1088 1546 in
1105 1485 1193 1548 Urbe

131 1583 305 1670 «gesserit,
321 1583 455 1647 multam
469 1583 635 1646 materiam
650 1584 994 1672 opportunitatemque
1006 1585 1191 1651 demerendi

132 1683 322 1763 diomines,
339 1683 599 1771 conciliandique
621 1683 746 1747 animos
763 1683 924 1748 habuisse.
944 1686 1072 1767 Quibus
1095 1688 1192 1753 rebus

130 1814 141 1836 ·
148 1784 211 1863 jain
226 1784 306 1848 olim
320 1785 355 1847 in
373 1800 464 1848 tanto
481 1785 688 1873 optimatium
704 1783 781 1847 odio
797 1786 935 1850 invictus
951 1803 1063 1852 contra
1077 1806 1193 1876 poten·

130 1886 305 1949 ·.tissimam
325 1886 499 1949 factionem
516 1885 656 1965 steterit,
673 1883 786 1948 iisdem
805 1886 990 1950 inclinatam
1006 1888 1070 1967 jam
1089 1906 1122 1953 et
1140 1891 1192 1954 in·

130 1986 301 2067 «mam,
325 1988 353 2050 si
366 1987 592 2075 *praesentibus
618 1986 741 2050 viribus
770 1988 983 2070 conjunctus,
1007 1990 1137 2072 adjuvet
1160 2009 1192 2056 et

130 2087 338 2169 ·edjuvetur,
355 2089 448 2152 facile
468 2086 765 2176 pessumdaturum.
784 2088 867 2151 Sane
884 2087 1031 2177 deceptas
1046 2091 1087 2154 ab
1103 2093 1190 2156 Sulla

130 2191 310 2281 degioues,
326 2190 477 2280 pellendo
488 2214 527 2254 ex
540 2189 628 2263 Urbe
638 2190 760 2270 Mario,
777 2205 888 2252 contra
902 2191 967 2252 vim
984 2192 1190 2280 improvisam

130 2293 236 2359 «baud
255 2294 333 2359 satis
351 2310 479 2382 parato,
495 2291 719 2357 commodasse
735 2313 870 2355 manus:
889 2290 945 2355 sed
964 2314 1030 2355 non
1047 2292 1121 2357 ideo
1135 2318 1190 2358 ex·

130 2396 300 2459 monetam
317 2394 459 2458 hominis
476 2393 640 2457 audaciam
660 2393 995 2479 existimationemque
1011 2415 1092 2475 esse3
1112 2397 1191 2483 quin

130 2513 263 2560 «contra
277 2497 449 2560 accessisse
462 2494 585 2584 aliquid
600 2495 641 2558 ad
659 2511 845 2581 utramque,
864 2493 1019 2584 prodigiis
1039 2494 1192 2578 deorum,

132 2614 183 2662 «et
197 2598 412 2661 inclinatione
428 2597 600 2660 hominum
615 2595 746 2659 brevem
767 2611 867 2660 status
884 2595 1096 2660 mutationem
1110 2619 1191 2684 prae·

131 2699 363 2786 «sagiensibus.

171 2801 279 2864 XXX.
295 2798 444 2864 «Idcirco
459 2799 568 2878 citius,
580 2820 677 2884 quam
691 2794 732 2860 de
743 2796 851 2861 reditu
862 2797 930 2877 ejus
946 2798 1020 2861 sciri
1033 2800 1191 2886 potuerit,

132 2924 261 2964 arenam
272 2901 423 2964 omnium
436 2901 587 2987 inopem,
601 2898 668 2962 sola
682 2898 823 2961 nominis
837 2898 970 2962 mariani
982 2899 1192 2965 admiratione

132 3024 188 3065 «ac
210 3004 338 3082 favore,
361 3001 535 3065 exercitum
562 3016 596 3064 et
615 2999 748 3063 classem
771 3001 1015 3086 comparavisse.
1034 3001 1191 3066 Praeterea

133 3102 234 3165 ·nilril
255 3101 356 3191 magis
379 3102 554 3165 convenire
578 3101 720 3163 consulis
739 3100 939 3183 actionibus,
962 3102 1080 3188 quide
1100 3105 1192 3167 resti·

133 3203 282 3267 ·tuendis
299 3204 461 3267 exsulibus
479 3218 647 3290 tantopere
663 3200 873 3289 depugnant,
892 3224 990 3289 quam
1007 3203 1192 3266 C.Ma1ium

133 3306 270 3393 ·rccipi,
290 3305 438 3368 exsulum
460 3303 608 3367 omnium
630 3301 719 3365 haud
740 3300 840 3366 dubie
859 3301 1038 3389 principem
1062 3325 1069 3366 :
1094 3302 1193 3390 idque

133 3406 212 3468 ·nisi
229 3404 301 3484 liat,
319 3404 405 3493 apud
420 3404 540 3467 multos
559 3405 715 3467 orituram
734 3402 969 3489 suspicionem,
988 3402 1075 3467 aliud
1091 3404 1192 3466 simu·

134 3505 253 3568 «latum
269 3505 332 3568 illis
350 3504 634 3583 contentionibus,
649 3503 737 3566 aliud
756 3503 926 3591 quaesitum
941 3524 1020 3566 esse.
1037 3503 1193 3566 Praeterea

134 3605 351 3683 «cavendum,
369 3627 409 3667 ne
429 3607 517 3669 velut
536 3605 596 3669 hac
623 3605 749 3691 repulsa
773 3604 932 3677 irritatus,
958 3605 991 3695 in
1018 3605 1193 3667 contrarias

136 3723 255 3793 «partes
272 3722 429 3785 transeat,
448 3707 548 3769 homo
563 3705 768 3769 contumeliae
782 3705 889 3767 omnis
903 3703 1089 3789 impatiens,
1109 3705 1194 3768 etad

136 3807 328 3872 «vindictam
340 3829 492 3897 praeceps.
508 3808 606 3871 Nunc
617 3806 768 3894 occupari
781 3827 874 3884 eum,
890 3803 1086 3891 retinerique
1098 3805 1196 3868 bene·

138 3911 293 3974 «volentia
303 3930 417 3997 posse:
431 3909 488 3971 ubi
498 3907 561 3971 hoc
571 3924 699 3996 tempus
709 3905 959 3995 praetermissum
969 3904 1083 3986 luerit,
1093 3929 1194 3971 seram

137 4011 306 4099 aneglectae
323 4011 505 4074 occasionis
522 4010 743 4096 paenitentiam
761 4009 865 4071 sore.»

176 4112 297 4176 XXXl.
313 4111 478 4175 Adversus
492 4111 560 4174 haec
573 4127 671 4197 atque
681 4109 770 4188 talia,
786 4107 826 4188 Q.
839 4107 998 4171 Sertorius
1014 4108 1122 4169 omnia
1138 4108 1197 4170 alia

138 4213 294 4294 censebat,
311 4213 381 4275 sive
394 4228 487 4274 tanto
499 4211 569 4274 viro
584 4221 740 4299 praesente
754 4209 887 4272 minoris
901 4230 935 4269 se
951 4208 1141 4270 aestimatum
1160 4208 1197 4269 iri

138 4329 264 4399 putans;
284 4315 352 4378 sivo
373 4311 534 4400 probabili
553 4334 647 4374 causa
665 4327 791 4388 motus,
816 4308 1020 4372 acerbitatem
1038 4307 1147 4387 Marii,
1168 4325 1200 4370 et

138 4414 365 4503 implacabilem
385 4416 420 4479 in
439 4414 570 4477 victoria
587 4414 731 4477 animum
745 4411 859 4499 procul
874 4410 971 4472 rebus
990 4409 1123 4472 urbanis
1141 4409 1198 4470 ha·

985 4528 1022 4607 l..
