2670 5018
183 803 246 872 JO.
267 801 447 872 FREINS.
469 802 659 873 stitutus
683 803 787 871 LOC.
808 805 893 873 LlB.
913 806 1118 876 LXXXVII.
1143 831 1204 904 ¹7¹

157 923 279 1010 piamm
292 921 408 1009 procul
420 938 518 985 castra
531 938 599 986 erat
610 921 759 1008 metatus)
777 921 929 1010 quadrata
947 925 1012 989 acie
1025 926 1086 990 iter
1097 950 1209 993 versus

157 1023 280 1087 hostem
295 1024 400 1086 lacere
411 1021 558 1087 instituit.

196 1123 237 1186 ll.
261 1122 331 1185 Nec
343 1122 535 1186 omittebant
544 1122 679 1187 Mariani
688 1124 767 1188 locis
782 1125 974 1214 opportunis
991 1127 1107 1191 offerre
1120 1150 1205 1209 sese,

157 1239 185 1284 et
199 1222 275 1285 alibi
293 1245 367 1286 saxa
383 1238 439 1286 aut
458 1223 610 1310 cespitem
627 1224 837 1289 obmoliendo
858 1227 924 1290 vias
940 1225 1104 1310 claudere,
1125 1252 1210 1293 non·

157 1346 320 1411 nunquam
337 1323 431 1388 variis
448 1323 525 1388 locis
539 1345 577 1387 ex
592 1323 758 1388 occasione
774 1337 943 1390 conserere
956 1346 1088 1411 manus;
1104 1328 1208 1394 donec

154 1426 194 1487 ita
206 1424 369 1513 defatigati
385 1424 560 1514 pugnando
578 1425 672 1488 simul
693 1424 868 1514 eundoque
881 1427 1002 1492 Sullani
1016 1443 1112 1510 sunt,
1126 1453 1209 1518 prae·

154 1525 258 1589 sertim
276 1525 353 1613 quia
376 1524 529 1590 molestus
549 1525 653 1590 imber
672 1544 861 1608 accesserat,
879 1544 917 1591 ut
932 1550 997 1617 prae
1019 1531 1205 1596 lassitudine

153 1624 200 1687 vis
215 1623 393 1690 consistere
407 1642 549 1712 possent.
568 1624 607 1689 ld
625 1627 811 1714 imperatori
830 1629 1015 1693 nuntiatum
1032 1653 1050 1694 a
1066 1631 1204 1697 tribunis

153 1741 213 1807 est,
229 1725 391 1812 simulque
406 1725 521 1791 milites
539 1727 673 1807 ostensi,
684 1727 781 1792 scutis
798 1728 891 1792 humi
903 1728 1012 1794 defixis
1029 1752 1098 1795 sese
1109 1734 1204 1796 susti·

152 1847 271 1894 nentes.
284 1831 438 1894 Fremens
447 1829 498 1895 ille
509 1831 739 1918 frendensque,
750 1847 895 1921 tempus,
909 1833 998 1921 quod
1013 1835 1072 1899 sib}
1086 1836 1203 1901 felicis·

150 1931 264 1995 simum
273 1929 315 1995 ad
325 1955 465 2026 pugnam
477 1931 622 1995 futurum
631 1932 878 2015 existimaverat,
890 1935 932 1998 ita
940 1935 1060 2022 perire,
1072 1936 1200 2026 signum

150 2030 341 2097 consistendi
361 2031 535 2119 castrisque
553 2032 712 2120 ponendis
730 2031 830 2098 dedit.

187 2132 246 2196 lll.
256 2134 417 2196 Caeterum
428 2132 702 2219 quemadmodum
713 2135 809 2221 paulo
820 2149 894 2197 ante
904 2150 1021 2198 certam
1033 2136 1101 2216 ejus
1110 2156 1200 2225 spem

150 2231 299 2296 lassitudo
323 2233 462 2297 militum
483 2231 687 2315 destituerat,
707 2234 748 2296 ita
765 2249 835 2296 tum
859 2233 1035 2322 depositam
1057 2236 1200 2300 hostium

148 2333 262 2398 ferocia
271 2333 421 2398 reddidit.
429 2334 549 2398 Marius
558 2357 633 2398 cum
644 2335 807 2423 equitibus
818 2334 966 2400 ferociter
976 2335 1121 2400 invectus
1130 2337 1201 2424 (fes-

146 2459 194 2499 sos
212 2436 300 2499 enim
319 2451 416 2524 atque
434 2435 523 2523 operi
544 2435 685 2501 intentos
705 2435 798 2501 l'undi
816 2458 911 2523 posse
928 2436 1120 2524 speraverat)
1140 2437 1200 2501 hac

145 2536 326 2625 ignominie
337 2536 444 2623 specie
453 2537 499 2600 sic
513 2536 657 2601 accendit
667 2552 855 2601 veteranum
864 2537 1039 2602 exercitum
1048 2538 1197 2626 vincique

144 2637 353 2718 insolentem,
370 2653 407 2701 ut
420 2637 538 2702 omisso
553 2661 667 2726 opere,
680 2639 817 2727 pilisque
833 2639 865 2702 in
881 2638 1023 2728 margine
1032 2639 1124 2702 fossae
1138 2638 1195 2703 de·

144 2735 225 2818 lixis,
238 2738 361 2827 gladios
377 2737 580 2826 stringerent.
601 2741 672 2803 Hoc
687 2739 813 2803 initium
837 2739 981 2803 acerrimi
1001 2739 1099 2828 praelii
1116 2740 1194 2822 luit;

142 2838 326 2927 collatisque
349 2838 465 2928 signis,
481 2838 666 2927 aliquandiu
690 2840 758 2928 pari
783 2841 990 2904 contentione
1011 2840 1192 2904 animorum

141 2937 337 3018 dimicatum,
346 2938 451 3002 donec
460 2939 633 3003 inclinante
642 2939 868 3005 sinistrolllarii
880 2962 997 3021 cornu,
1005 2942 1193 3030 priusquam

140 3056 246 3128 aperta
259 3039 336 3128 luga
353 3037 460 3120 fieret,
478 3041 624 3128 quinque
639 3040 789 3106 cobortes
803 3064 877 3105 cum
892 3041 1017 3106 duabus
1031 3043 1087 3106 alis
1103 3043 1191 3132 signa

139 3139 360 3227 projecerunt,
380 3157 412 3203 et
424 3141 519 3205 simul
534 3142 730 3206 transierunt
744 3142 784 3206 ad
800 3143 936 3207 hostem.

179 3242 235 3304 lV.
249 3242 295 3304 Ea
304 3264 355 3305 res
365 3257 496 3307 caeteros
509 3242 542 3305 in
558 3243 736 3307 confessam
748 3243 855 3332 fugam
867 3244 947 3332 egit,
957 3259 1004 3323 et,
1018 3243 1190 3330 insequen-

140 3340 224 3404 tibus
238 3341 397 3421 alacriter,
411 3343 466 3429 qui
478 3342 574 3431 paulo
586 3344 781 3407 recentiores
791 3359 896 3424 erant,
913 3342 1063 3422 Sullanis,
1076 3365 1190 3431 magna

137 3441 328 3529 fugientium
341 3453 461 3531 strages
472 3459 520 3506 est
532 3443 627 3508 edita.
646 3444 821 3509 Fenestella
833 3467 907 3508 cum
917 3442 1108 3533 quibusdam
1121 3444 1189 3508 aliis

136 3542 360 3631 scriptoribus,
378 3543 559 3608 interfuisse
573 3544 680 3634 praelio
696 3546 731 3609 C.
746 3545 904 3626 Marium,
921 3559 1054 3630 negant;
1072 3542 1128 3606 sed
1141 3545 1189 3606 vi·

136 3643 216 3731 giliis
232 3644 463 3732 laboribusque
486 3649 684 3728 conlectum,
705 3647 797 3736 signo
816 3666 931 3733 pugnae
947 3641 1038 3722 dato,
1056 3643 1188 3707 subdio

135 3744 310 3831 quievisse,
326 3761 375 3827 et,
393 3747 536 3835 fugiente
549 3748 613 3828 jam
637 3748 795 3827 exercitu,
808 3747 860 3809 vix
884 3744 1027 3832 potuisse
1049 3746 1189 3813 excitari.

134 3846 222 3936 Fuga
235 3848 385 3936 reliquias
395 3849 552 3913 exercitus
564 3851 723 3915 Praeneste
732 3847 878 3927 abstulit,
892 3844 982 3934 quod
992 3861 1104 3910 natura
1114 3871 1188 3912 mu·

135 3949 237 4012 nitum
247 3949 421 4038 oppidum,
431 3949 656 4014 Mariusetiam
666 3948 819 4039 praesidiis
829 3947 1017 4012 firmaverat.
1029 3945 1091 4010 Sed
1101 3964 1187 4013 tanta

133 4047 192 4111 fuit
204 4049 393 4138 trepidatio,
405 4067 443 4113 ut
456 4051 658 4133 intromissis,
668 4052 723 4139 qui
735 4051 830 4138 primi
840 4063 1060 4129 accurrerant,
1071 4048 1189 4115 deinde

133 4164 238 4230 metu,
253 4173 295 4214 ne
322 4174 387 4213 una
408 4151 513 4216 hostes
537 4152 770 4240 irrumperent,
790 4149 975 4215 Praenestini
1001 4149 1187 4214 clauderent

132 4264 253 4334 portas3
266 4250 452 4338 factumque
461 4269 526 4334 est,
539 4267 576 4316 ut
584 4253 705 4317 Marius
719 4269 787 4316 tum
797 4251 929 4315 demum
941 4251 1184 4336 superveniens,

131 4350 206 4412 fune
219 4349 378 4432 demisso,
396 4351 426 4414 in
446 4374 575 4416 murum
591 4351 837 4417 subduceretur.

161 4499 177 4561 5
192 4502 237 4547 lll.
252 4504 325 4548 Oros.
333 4500 365 4555 V,
377 4516 418 4547 ao.
432 4528 464 4536 -
478 4501 587 4564 Appiau.
606 4528 640 4536 --
655 4500 670 4564 S
684 4502 729 4548 tv,
744 4504 833 4548 Lucan.
846 4501 883 4556 ll,
901 4515 924 4545 a.
937 4499 994 4551 134.
1012 4524 1046 4534 -·
1063 4497 1182 4546 Plutarch.

131 4609 160 4618 -
174 4586 248 4632 luet.
258 4584 288 4631 a·
298 4584 362 4631 Viris
376 4583 508 4632 illustribus
518 4617 525 4641 ,
539 4600 592 4649 eap.
604 4586 647 4634 68.
662 4612 695 4623 -
705 4583 770 4631 vell.
784 4585 808 4630 ll
817 4616 824 4639 ‚
834 4584 876 4631 ιδ.
890 4609 924 4619 -
935 4579 1042 4643 Appiana.
