2670 5018
298 718 355 787 IN
385 717 494 787 LOC.
520 719 612 787 LIB.
640 720 783 788 LXXX
812 723 1021 794 LIVIANI.
1146 725 1188 796 (ir
1258 678 1265 691 =

136 842 202 904 situs
224 840 269 921 Q.
288 839 444 904 Metellus
461 857 560 921 esset,
576 843 613 904 A.
626 841 771 907 Plautius
792 866 868 907 eum
894 847 1034 910 exercitu
1056 870 1191 937 oppres-

136 966 182 1005 sus
198 959 258 1006 est.
702 986 705 990 ·

172 1045 225 1108 lV,
252 1043 345 1106 luter
370 1043 439 1105 haee
455 1043 578 1130 Appius
598 1042 752 1107 Claudius
775 1044 926 1107 tribunus
957 1046 1110 1129 militurn,
1134 1051 1190 1136 qui

134 1143 274 1207 laniculo
291 1158 445 1230 praeerat,
463 1159 500 1206 ut
513 1142 615 1206 Mario
628 1142 792 1223 beneficii,
810 1146 919 1208 nescio
934 1145 1041 1227 cujus,
1058 1151 1190 1235 gratiam

134 1245 279 1325 referret,
297 1244 384 1307 circa
399 1242 582 1307 diluculum
601 1244 789 1333 semiaperta
805 1262 898 1333 porta
914 1271 990 1310 eum
1007 1249 1191 1317 intromisit.

135 1346 232 1409 Cinna
255 1367 391 1433 quoque
414 1365 488 1407 cum
514 1361 604 1431 parte
627 1347 785 1410 exercitus
808 1346 920 1411 eadem
942 1349 1105 1438 ingressus
1127 1368 1192 1433 est,
1292 1406 1295 1411 .

134 1448 301 1535 statimque
317 1445 359 1509 ad
377 1463 478 1533 captae
492 1447 590 1510 Urbis
606 1470 772 1512 rumorem
788 1449 947 1513 Sertorius
967 1467 1000 1512 et
1018 1451 1123 1515 Carbo
1139 1474 1192 1516 ae·

133 1564 311 1612 currerunt.
332 1546 396 1611 Sed
414 1547 547 1611 Octavio
571 1549 720 1631 consule,
742 1565 774 1612 et
794 1552 853 1614 Cn.
868 1551 1024 1638 Pompeio
1046 1553 1193 1617 celeriter

133 1673 214 1713 arrna
231 1648 494 1737 opponentibus,
515 1649 622 1712 locum
643 1665 752 1713 tenere
768 1673 835 1714 non
852 1667 1041 1738 potuerunt.
1059 1652 1190 1716 Circum

133 1751 196 1815 haec
208 1768 356 1837 tempora
371 1749 483 1812 Cinnas
498 1750 622 1814 insidiis
636 1751 756 1837 petitus
773 1753 833 1815 Cn.
845 1752 1036 1839 Pompeius,
1055 1753 1190 1817 consilio
1241 1814 1244 1820 .

133 1851 340 1917 adolescentis
351 1848 418 1931 filii,
429 1873 526 1938 quem
538 1869 650 1940 postea
659 1853 813 1943 Magnum
825 1869 983 1917 terrarum
993 1855 1081 1918 orbis
1093 1877 1191 1945 agno·

132 1956 188 2035 tit,
202 1970 252 2018 est
263 1969 482 2018 conservatus.
496 1955 543 2034 ls,
558 1954 670 2017 avirili
684 1971 758 2044 toga
772 1955 961 2018 commilitio
974 1957 1072 2042 patris
1086 1952 1192 2020 assue-
1234 1987 1240 2001 =

134 2073 197 2135 tus,
214 2054 483 2120 contubernalem
499 2056 534 2118 L.
546 2054 738 2119 Terentium
754 2053 910 2134 habebat,
929 2078 996 2142 quo
1011 2056 1188 2142 plurimum

132 2175 161 2222 et
177 2155 424 2221 familiarissime
446 2156 598 2220 utebatur
617 2179 624 2219 :
644 2156 701 2220 sed
720 2171 892 2243 corruptus
909 2179 925 2218 a
945 2157 1049 2219 Cinna
1065 2158 1190 2221 Teren·

133 2258 190 2321 tius
213 2259 258 2321 ita
280 2272 387 2345 partes
409 2278 484 2319 cum
508 2257 602 2320 sociis
627 2256 795 2336 diviserat,
818 2272 855 2319 ut
877 2256 921 2319 illi
945 2257 1189 2322 tabernaculum

131 2358 219 2422 ducis
233 2357 463 2437 incenderent,
480 2357 533 2421 hic
546 2380 604 2447 per
620 2357 752 2422 insidias
767 2358 892 2421 tolleret
904 2357 1106 2446 Pompeium.

170 2460 208 2524 V.
227 2460 309 2522 Tam
323 2458 442 2522 atrocis
457 2459 615 2546 propositi
632 2459 788 2522 indicium
805 2459 942 2522 coenanti
961 2459 1117 2546 Pompeio
1135 2460 1189 2525 de·

132 2561 226 2624 latum
239 2576 308 2624 est:
322 2582 390 2647 quo
407 2558 623 2640 dissimulato,
637 2559 823 2624 adolescens
836 2559 968 2622 hilarius
983 2559 1079 2622 etiam
1094 2560 1190 2625 solito

131 2660 225 2740 bibit,
243 2677 366 2724 etcum
380 2660 552 2740 Terentio,
572 2684 636 2747 qua
653 2661 793 2742 solebat,
810 2661 961 2733 comitate
978 2683 1072 2750 agere
1085 2684 1191 2749 perse·

131 2764 257 2827 vetavit.
275 2761 400 2826 Deinde
413 2761 600 2825 cubiculum
615 2763 794 2850 ingressus,
808 2762 865 2825 ubi
879 2762 1100 2850 proditoribus
1114 2765 1190 2828 satis

130 2887 317 2953 persuasum
337 2886 423 2944 esse,
441 2862 530 2950 quod
547 2862 691 2943 volebat,
711 2878 837 2936 censet,
854 2863 935 2925 clam
953 2863 1106 2926 subducit
1121 2886 1189 2928 sea

132 2965 354 3044 tabernaculo,
375 2962 531 3050 firmaque
551 2964 634 3051 patri
659 2964 886 3051 circumposita
905 2963 1068 3044 custodia,
1090 2987 1189 3028 even·

132 3081 197 3129 tum
220 3066 351 3153 quietus
376 3080 547 3151 exspectat.
570 3066 696 3129 Interea
719 3065 910 3146 Terentius,
938 3066 1129 3154 Pompeium
1153 3067 1187 3130 in

132 3167 241 3232 eodem
252 3166 468 3231 contubernio
478 3165 620 3230 dormire
630 3183 758 3255 putans,
770 3167 852 3229 clam
864 3166 988 3230 ecubili
999 3167 1112 3255 surgit,
1123 3190 1191 3231 cor·

131 3285 285 3357 ceptoque
297 3267 404 3357 gladio
417 3268 535 3330 lectum
551 3268 697 3355 Pompeii
710 3267 852 3354 repetitis
864 3267 982 3331 ictibus
997 3266 1152 3331 confodit.

171 3370 226 3432 Vl.
240 3368 327 3432 Hinc
342 3383 416 3431 orto
433 3368 594 3449 tumultu,
615 3390 729 3457 magna
748 3369 966 3431 consternatio
987 3369 1119 3435 incessit
1134 3392 1189 3432 co·

132 3472 212 3557 pias,
225 3469 304 3534 odio
314 3468 423 3548 ducis,
438 3487 471 3533 et
481 3469 521 3533 ad
533 3469 748 3534 delectionem
760 3470 871 3557 pronis
882 3470 1014 3549 animis,
1028 3467 1069 3532 ad
1079 3492 1191 3555 quam·

132 3572 205 3636 libet
225 3571 430 3635 occasionem
457 3571 592 3635 mobiles
615 3571 772 3657 :jamque
797 3569 893 3657 diripi
920 3569 1079 3648 tentoria,
1104 3572 1189 3634 sumi

132 3695 214 3735 arma
230 3687 413 3760 coeperant3
432 3692 538 3758 neque
560 3673 737 3759 proconsul
760 3671 887 3734 obviam
909 3670 994 3750 ibat,
1014 3669 1132 3734 offerre
1155 3695 1190 3736 se

133 3772 403 3837 tumultuantibus
424 3795 491 3834 non
515 3795 612 3836 ausus
630 3795 637 3835 :
655 3770 841 3835 adolescens
860 3770 1051 3856 Pompeius,
1074 3770 1189 3836 mediis

132 3875 310 3963 agminibus
329 3873 512 3953 immixtus,
536 3871 757 3961 prehemlebat
775 3871 911 3950 milites,
935 3870 1192 3957 lacrymabatur,

132 3975 328 4064 suppbctbat
338 3997 346 4037 :
358 3989 540 4060 postremo,
551 3973 677 4051 abjecto
691 3973 724 4035 in
738 3988 830 4060 porta
845 3986 1024 4036 castrorum
1037 3994 1188 4060 corpore,

133 4076 198 4139 ilbc
210 4076 347 4156 jubebat
364 4074 499 4137 transire
521 4073 617 4137 fidem
633 4089 832 4154 mutaturos,
849 4072 953 4137 donec
969 4074 1073 4135 multo
1091 4073 1187 4155 lletu,

133 4193 162 4238 et
174 4176 378 4241 deformitate
392 4175 562 4263 spectaculi
578 4190 704 4237 retento
721 4174 814 4236 militi
826 4173 921 4237 rediit
935 4172 1057 4261 pudor,
1071 4191 1102 4237 et
1114 4197 1192 4262 prse-

164 4391 178 4456 ς
191 4394 234 4440 tv.
252 4394 305 4440 [tv.
320 4391 387 4456 Epit.
396 4417 431 4427 -
440 4392 547 4455 Appiam.
559 4415 595 4427 -
609 4388 729 4436 Plutarch.
744 4389 770 4435 in
783 4389 845 4436 Mar.
858 4405 880 4435 e.
892 4403 937 4448 70,
952 4398 976 4436 at
988 4389 1073 4452 Pomp.
1084 4404 1106 4435 c.
1118 4389 1141 4435 5.
1152 4416 1188 4425 —

135 4476 191 4525 tell.
203 4480 239 4529 ll.
252 4494 295 4539 ²9·
314 4503 350 4513 ..
367 4476 420 4524 Cic.
435 4491 480 4540 pro
494 4475 546 4537 lege
559 4473 645 4520 Manil.
657 4488 677 4518 c.
693 4487 730 4519 ro.
