2670 5018
273 636 328 704 IN
361 635 476 704 LOC.
502 634 594 705 LIB.
623 639 788 705 LXXXI
820 639 1029 710 LIVIANI.
1133 642 1184 738 87

171 755 292 819 XXIX.
303 755 568 845 Hierophantidi,
582 779 717 822 summae
726 781 763 822 ea
771 759 934 847 religionis
944 761 978 824 in
990 761 1072 828 urbe
1086 783 1186 827 sacer·

131 855 285 936 deserat,
304 857 470 919 heminam
491 857 586 921 tritici
604 859 925 946 petenti,·hcminam
949 861 1064 949 piperis
1089 863 1184 927 misit.

133 955 248 1018 Urbem
262 957 307 1019 ita
321 956 470 1020 allectam
479 957 564 1020 Sulla
578 976 707 1040 nactus,
723 959 871 1046 protinus
887 962 1122 1027 circumvallare
1136 964 1186 1026 in·

130 1054 247 1135 stituit,
265 1079 306 1119 ne
324 1057 496 1144 quisquam
513 1057 588 1121 inde
607 1060 740 1122 evadere
757 1077 873 1148 posset.
891 1062 1015 1125 Interea
1032 1086 1114 1151 saepe
1133 1089 1185 1129 ro·

130 1172 218 1245 gatus
232 1157 273 1220 ab
284 1158 536 1223 Atheniensibus
550 1160 680 1241 Aristio,
692 1184 795 1248 quum
809 1159 866 1224 diu
880 1163 1071 1249 negavisset,
1088 1166 1187 1229 semel

129 1258 220 1321 ctiam
243 1259 460 1348 supplicantes
483 1261 513 1323 ei
536 1282 611 1324 cum
634 1261 836 1325 senatoribus
861 1261 1042 1325 sacerdotes
1066 1265 1186 1352 sagittis

63 1428 69 1445 '
130 1358 299 1448 abegisset,
314 1359 444 1425 tandem
459 1362 660 1426 familiarium
675 1365 798 1450 aliquot
806 1361 845 1425 ad
856 1362 974 1425 Sullam
989 1379 1132 1427 oratores
1146 1362 1187 1427 de

132 1482 204 1545 pace
220 1461 317 1525 misit.
336 1464 377 1524 At
393 1462 436 1525 illi
453 1462 626 1526 sceleribus
644 1480 676 1526 et
692 1463 822 1550 crapula
840 1461 1009 1543 vecordes,
1026 1463 1142 1528 stolida
1156 1481 1188 1527 ct

134 1559 261 1630 minime
271 1562 513 1626 accommodata
525 1563 726 1651 temporibus
738 1564 900 1643 oratione,
917 1564 998 1627 nihil
1009 1563 1099 1651 quod
1109 1588 1188 1652 prae·

132 1682 200 1722 sens
219 1683 297 1724 usus
316 1663 509 1747 postularet,
527 1664 584 1727 sed
596 1680 702 1728 vetera
722 1666 811 1728 urbis
827 1664 961 1746 decora,
979 1667 1187 1754 Theseosque

133 1760 388 1850 Eumolposque,
406 1781 437 1828 et
456 1765 579 1829 medica
597 1782 715 1853 tropaea
729 1766 953 1854 praedicabant.

171 1863 276 1927 XXX.
293 1863 430 1951 «Neque
448 1867 506 1928 tibi
521 1866 675 1931 decorum
694 1867 810 1947 luerit,
830 1868 972 1947 aiebant,
991 1868 1186 1954 imperator,

131 1984 257 2050 meque
274 1959 400 2049 tutum,
421 1991 491 2031 eam
511 1968 664 2033 excidisse
682 1969 815 2050 urbem,
839 1969 871 2031 in
894 1992 993 2056 quam
1018 1969 1187 2058 singularis

132 2063 287 2129 «deorum
305 2067 396 2131 favor
411 2091 537 2156 semper
553 2070 698 2134 exstitit:
724 2069 806 2132 adeo
824 2068 975 2155 quidem,
999 2084 1036 2130 ut
1057 2085 1089 2131 et
1104 2069 1188 2132 hanc

131 2167 308 2254 «praecipua
332 2167 556 2233 benevolentia
578 2193 705 2259 semper
725 2169 1035 2256 complecterentur,
1057 2184 1089 2231 et
1111 2168 1187 2231 inde

131 2268 353 2354 «potissimum
368 2270 403 2333 in
423 2285 550 2335 caeteras
572 2288 682 2361 gentes
704 2293 853 2334 emanare
872 2268 1027 2333 beneficia
1046 2291 1103 2331 sua
1121 2270 1188 2332 vel·
1219 2314 1224 2332 .

132 2367 226 2432 «lent.
242 2371 314 2434 Jam
330 2394 350 2434 a
366 2372 525 2459 principio
547 2396 650 2460 quum
670 2373 744 2436 urbi
767 2395 888 2436 nomen
911 2387 993 2435 essct
1015 2371 1187 2458 imponen-

132 2465 244 2550 ·dum,
262 2469 345 2534 duos
361 2470 402 2534 de
416 2473 634 2537 Consentibus
651 2473 692 2537 de
710 2475 775 2537 hoc
788 2473 913 2536 bonore
928 2471 1096 2536 certavisse
1113 2472 1187 2534 satis

132 2587 297 2652 ‹constat;
315 2589 349 2636 et
369 2596 472 2660 quum
491 2574 593 2638 oleam
607 2575 768 2654 Minerva,
786 2575 959 2661 Neptunus
974 2595 1095 2660 equum
1113 2591 1189 2658 pro·
1256 2662 1259 2667 .

132 2669 309 2754 «duxisset,
324 2674 410 2762 pacis
428 2698 523 2738 omen
541 2675 784 2763 praeferentibus
801 2674 878 2756 diis,
898 2697 1037 2761 quorum
1056 2671 1188 2735 arbitrio

132 2775 321 2839 «commissa
345 2777 525 2856 defuerat,
551 2777 662 2841 vicisse
692 2775 874 2855 Palladem,
898 2797 996 2861 quam
1025 2773 1187 2837 Athenam
1274 2784 1280 2797 ¹

133 2895 319 2956 «vocamus,
333 2877 438 2964 deque
450 2878 548 2957 hujus
559 2877 717 2941 vocabulo
727 2876 877 2964 appellari
891 2875 1032 2938 Athenas
1045 2874 1187 2961 coepisse.
1267 2898 1272 2903 ·

173 2973 294 3040 XXXI.
314 3008 327 3031 «ι
338 2978 385 3041 Ita
403 2993 535 3064 propter
548 2999 608 3041 nos
622 2995 655 3041 et
671 3001 811 3064 equum,
830 2993 895 3039 tam
906 2974 1188 3039 accommodatum

134 3076 264 3140 «usibus
282 3078 431 3142 humanis
451 3078 586 3158 animal,
608 3094 640 3142 et
660 3078 783 3157 oleam,
804 3076 857 3139 cui
874 3075 1016 3162 praeferri
1035 3075 1188 3138 arborum

134 3176 240 3239 «nulla
257 3176 330 3256 jure
350 3195 471 3266 potest,
493 3179 557 3242 vita
575 3178 719 3265 accepit:
739 3176 899 3263 duratque
916 3174 969 3237 illa
986 3174 1081 3237 etiam
1101 3196 1190 3235 nunc

134 3294 241 3341 «certo
261 3277 435 3343 divinitatis
452 3295 661 3369 argumento,
680 3295 727 3359 et,
746 3300 828 3364 quos
847 3276 1045 3365 praeferimus
1064 3296 1189 3353 ramos,

136 3376 228 3442 «inde
248 3377 475 3468 decerpsimus.
496 3380 560 3444 Sed
582 3396 614 3444 et
635 3380 761 3443 Cereris
783 3399 918 3457 munus,
936 3374 1190 3462 Triptolemique

135 3499 300 3560 «currum,
318 3496 351 3542 et
365 3481 443 3543 hinc
462 3481 504 3544 ad
519 3481 593 3544 alias
615 3496 713 3544 terras
730 3494 895 3567 exportata
915 3478 1045 3565 frugum
1067 3475 1190 3537 semina

136 3580 270 3642 «referre
284 3602 471 3666 possemus,
491 3604 593 3668 quum
613 3580 719 3646 adhuc
733 3578 903 3670 glandibus
918 3577 1027 3640 miseri
1040 3575 1190 3638 mortales

136 3696 367 3744 ·vescerentur.
385 3682 527 3763 Quin‘et
547 3698 661 3770 praeter
679 3682 782 3744 oleam
805 3678 998 3743 suavissima
1016 3695 1190 3764 pomorum

136 3778 206 3844 «fici
235 3781 304 3845 baec
332 3799 417 3847 terra
442 3800 489 3848 est
520 3784 678 3873 genitrix3
705 3798 738 3846 et
764 3782 817 3845 hic
846 3780 1006 3869 primum,
1037 3776 1191 3865 expressis

137 3880 304 3970 ·Eumolpi
321 3885 452 3973 ingenio
467 3885 555 3965 uvis,
570 3885 645 3947 vina
658 3881 831 3946 fluxerunt.

167 4123 183 4187 s
195 4127 282 4173 XXX.
295 4127 326 4173 U.
338 4126 366 4174 C.
379 4127 444 4185 6663
458 4128 488 4175 A.
499 4128 527 4175 C.
538 4128 579 4174 86.
593 4153 627 4162 —
638 4125 723 4182 Plato,
737 4125 868 4171 Menexen.
884 4122 984 4170 ->Cic.
995 4120 1025 4168 de
1037 4123 1112 4183 chg·
1122 4120 1147 4173 Ι,
1170 4132 1191 4163 1·

136 4209 244 4255 -ovirt
258 4208 424 4274 Metamorpb.
433 4211 484 4267 VI,
501 4210 544 4269 75.
553 4210 665 4256 -Varro
676 4224 715 4271 tp.
727 4208 831 4270 August.
843 4206 873 4253 de
887 4206 941 4256 Civ.
956 4204 1010 4251 nei.
1018 4230 1053 4240 -
1065 4201 1081 4267 §
1094 4201 1192 4248 XXXI·

136 4289 208 4339 ovid.
222 4291 427 4356 Metamorpb.v‚
444 4293 504 4349 645.
524 4319 559 4328 —
572 4291 675 4340 Diodor.
685 4291 719 4347 V,
736 4289 778 4336 60.
797 4315 832 4325 -
847 4288 937 4337 lustin.
954 4289 995 4344 n,
1014 4288 1038 4335 6.
1055 4311 1089 4321 -
1104 4283 1192 4332 tettan.

136 4373 197 4423 ltin.
209 4391 259 4424 nr.
270 4376 321 4433 111,
343 4376 366 4421 5.
380 4403 414 4413 -
425 4376 488 4424 Ptin.
496 4378 560 4434 vlt,
578 4375 619 4424 56.
