2670 5018
150 748 214 831 148
322 744 755 815 JO.FREINSHEMII
785 742 1032 811 SUPPLEM.
1109 822 1112 827 ,

144 869 316 954 herbisque
329 869 496 945 victitans,
510 880 543 929 et
558 886 675 952 aquam
691 864 806 928 bibens
822 887 862 927 ex
877 863 996 929 soetidis
1010 863 1201 953 paludibus:

146 970 284 1055 ideoque
309 967 435 1030 fraudes
459 966 675 1055 malignorum
699 965 872 1053 spirituum
898 983 931 1031 et
953 966 1146 1031 incredibile
1167 967 1201 1029 in

145 1088 292 1133 nostrum
303 1092 405 1158 genus
416 1067 528 1130 odium
541 1066 719 1155 reputanti,
731 1068 784 1130 vix
794 1066 882 1130 aliud
892 1066 1082 1153 persuaderi
1091 1082 1202 1155 queat,

145 1193 242 1257 quam
265 1170 485 1255 Antiquarum
507 1168 574 1231 illas
600 1167 641 1231 de
662 1167 782 1255 Satyris
802 1168 973 1255 opiniones
995 1190 1064 1233 non
1086 1184 1203 1235 temere

145 1288 249 1352 natas,
264 1271 321 1334 sed
336 1294 375 1334 ex
391 1270 512 1333 diaboli
529 1269 693 1357 praestigiis
709 1267 839 1332 initium
855 1269 1017 1333 babuisse.

187 1373 306 1436 XXIV.
327 1374 398 1435 Vox
417 1371 483 1458 ipsa
501 1386 599 1457 atque
618 1391 739 1433 nomen
758 1369 800 1432 ab
814 1370 957 1433 Hebraeis
975 1369 1203 1459 desumptum,

142 1474 168 1536 si
186 1476 334 1536 Faunum
344 1487 400 1534 aut
412 1471 532 1535 Panem
546 1492 658 1551 voces,
676 1469 757 1533 nihil
770 1469 872 1549 aliud,
888 1492 986 1557 quam
1001 1471 1138 1547 faciem,
1150 1487 1206 1537 aut

142 1575 376 1662 apparitionem
395 1571 531 1659 spectri3
554 1571 604 1635 sin
621 1572 789 1658 Satyrum,
808 1571 973 1636 oooultunt
990 1572 1076 1638 etin
1094 1571 1204 1639 abdito

144 1678 295 1740 latentem
315 1676 441 1762 signat:
460 1695 535 1736 nana
552 1672 672 1736 Panem
689 1672 807 1754 Graeci,
821 1673 925 1745 Latini
938 1674 1110 1757 Faunum,
1133 1698 1204 1765 ger·

143 1778 274 1840 manicae
288 1791 398 1864 gentes
415 1776 559 1854 Fanum,
575 1773 702 1837 solenni
719 1774 885 1839 literarum
903 1774 1038 1839 istarum
1061 1798 1206 1841 commu·

143 1878 262 1939 tatione
272 1875 439 1954 dixerunt,
456 1873 554 1938 deum
564 1895 634 1938 esse
643 1889 810 1961 putantes,
824 1897 921 1961 quem
932 1875 977 1939 sic
987 1877 1204 1941 nominarent.

144 1976 238 2040 Unde
252 1977 420 2040 Germanis
436 1976 525 2065 signa
543 1976 693 2040 militaria
708 1992 786 2040 sunt
798 1976 862 2039 hoc
880 1978 1014 2042 nomine
1030 1979 1203 2066 appellata,

142 2077 230 2162 qnod
244 2077 343 2141 hodie
360 2100 492 2164 quoque
511 2092 640 2159 manet;
657 2076 749 2163 quia,
766 2076 850 2141 sieut
867 2078 934 2141 aliae
950 2095 1062 2168 gentes
1079 2080 1204 2144 Herou-

142 2179 222 2260 lem,
243 2181 360 2243 aliosve
382 2179 478 2258 deos,
503 2179 682 2241 italiorum
704 2178 841 2258 rnajores
859 2181 985 2244 Fanum
1008 2203 1071 2268 pro
1089 2180 1204 2245 vexillo

143 2282 353 2367 praetulerunt
368 2281 469 2367 copiis
484 2281 569 2358 suis,
585 2278 675 2365 quod
691 2279 735 2342 ita
751 2279 841 2342 facile
860 2281 1043 2367 superiores
1055 2302 1090 2345 se
1102 2281 1204 2346 hosti·

48 2459 51 2465 ³
143 2383 204 2445 bus
220 2384 289 2445 fore
302 2381 589 2459 ratiocinabantur,
602 2380 629 2443 si
642 2395 795 2466 tanquam
805 2378 904 2443 duces
915 2379 991 2444 belli
1002 2379 1082 2445 deos
1094 2402 1206 2469 seque·

143 2500 265 2545 rentur.
277 2482 437 2545 Eumdem
452 2497 484 2543 et
498 2478 683 2566 Tary'anam
697 2495 910 2559 vocaverunt,
922 2481 1015 2568 quasi
1025 2480 1204 2545 silvestrem

143 2584 268 2644 Fanum
285 2582 440 2646 (licerent.

187 2683 290 2744 XXV.
306 2683 366 2745 Hic
380 2682 478 2769 igitur
486 2680 594 2743 Fanus
609 2702 692 2765 saepe
704 2680 737 2741 in
750 2679 836 2743 silvis
849 2678 1023 2766 apparebat
1033 2702 1071 2743 ea
1084 2678 1204 2760 forma,

141 2805 204 2867 qua
220 2781 380 2867 pingitur,
403 2782 579 2845 humanam
597 2780 738 2867 speeiem
754 2780 902 2860 imitans,
920 2779 978 2843 sed
998 2795 1204 2867 corruptam,

140 2880 415 2968 ‹puenratlmodum
431 2881 598 2968 corrumpi
608 2896 641 2944 et
654 2896 802 2944 naturam
819 2881 928 2969 cupit,
944 2880 1103 2945 hircinam
1116 2904 1206 2947 assu·

143 3005 249 3059 mens,
263 2996 395 3067 propter
408 2981 617 3068 petulantiam
634 2982 796 3064 animalis,
819 3005 886 3069 quo
905 2982 1032 3045 nullum
1053 2982 1087 3045 in
1103 2982 1205 3049 Vene-

142 3108 209 3147 rem
223 3083 369 3146 noscitur
383 3105 451 3147 esse
463 3083 653 3172 proclivius;
670 3082 760 3170 quod
774 3099 808 3145 et
821 3099 974 3159 matrem,
991 3082 1086 3163 eujus
1096 3082 1204 3147 adbuc

142 3185 296 3249 uberibus
314 3185 428 3263 alitur,
443 3199 557 3271 stupro
572 3185 774 3272 supervenit;
792 3200 824 3246 et
842 3201 912 3247 tum
925 3183 1019 3263 alias,
1036 3198 1108 3247 tum
1121 3207 1204 3271 prte-

142 3288 236 3373 eipue
254 3303 398 3373 tempore
414 3285 535 3366 coitus,
553 3285 702 3349 omnium
719 3301 767 3347 est
786 3285 1033 3348 lietidissimnm.
1050 3287 1203 3373 Quapro-

141 3406 212 3476 pter
226 3387 487 3450 immundissimo
499 3387 643 3474 spiritui,
660 3408 727 3449 non
742 3385 830 3449 aliud
843 3387 875 3448 in
890 3403 1002 3449 natura
1014 3387 1202 3451 animalium

141 3491 244 3552 visum
262 3506 310 3552 est
328 3511 447 3576 genus,
466 3486 681 3575 exprimendae
705 3508 771 3549 suae
794 3486 999 3551 similitudini
1015 3510 1203 3553 accommo-

143 3590 258 3653 datius.

189 3688 304 3751 XXVI.
324 3689 409 3775 Ergo
434 3704 465 3751 et
481 3686 641 3774 AEgyptiis
664 3687 697 3749 in
718 3687 822 3752 forma
842 3689 1012 3774 semicapri
1031 3690 1203 3776 apparuit,

143 3790 269 3851 Mendes
285 3790 325 3851 ab
340 3789 416 3875 ipsis
433 3787 555 3867 dictus,
571 3810 637 3874 quo
650 3790 783 3852 nomine
801 3804 834 3852 et
846 3789 964 3852 animal
975 3789 1083 3876 ipsum
1097 3790 1205 3879 appel·

142 3889 267 3967 labant;
285 3887 437 3973 idemque
452 3888 493 3950 ab
511 3888 560 3951 bis
577 3888 712 3975 pariter,
727 3904 825 3975 atque
836 3889 904 3953 Pan
917 3913 935 3951 a
946 3889 1083 3970 Grecis,
1096 3891 1204 3977 pictus

141 4005 188 4050 est
207 4012 213 4051 :
232 4004 265 4049 et
280 3986 466 4052 Herodotus
485 3988 617 4075 quidem
636 4006 827 4053 monstrosae
845 3988 957 4052 formae
972 4010 1084 4053 causas
1102 4012 1203 4079 expo·

143 4112 219 4153 nere
234 4087 488 4167 verecundatur,
505 4088 594 4174 quod
611 4112 729 4176 nempe
750 4090 873 4179 arguit,
895 4112 1009 4176 parunt
1031 4090 1202 4171 honestas,

141 4209 195 4255 aru
213 4190 274 4253 deo
295 4188 424 4277 dignas,
444 4188 603 4251 audivisse
620 4212 628 4252 τ
648 4190 761 4253 sacient
787 4205 894 4253 autem
914 4189 1046 4253 rubram
1069 4206 1204 4279 propter

174 4356 189 4420 S
203 4356 298 4402 XXIII.
312 4354 431 4400 Camerar.
443 4352 519 4415 Oper.
531 4351 587 4399 sub.
600 4380 634 4389 -
648 4350 770 4414 §xxm
783 4354 932 4411 eunvnt,
949 4361 988 4408 14.
1002 4380 1037 4390 —
1046 4356 1108 4401 Tac.
1120 4355 1201 4403 Germ.

141 4459 162 4488 o.
175 4458 198 4499 7.
211 4452 234 4486 et
247 4440 312 4485 Anu.
327 4440 349 4491 Ι,
364 4436 404 4481 ir.
416 4461 452 4472 -
462 4434 477 4499 5
489 4438 571 4484 XXV.
582 4437 729 4486 Herrabacb.
741 4438 771 4485 de
781 4440 818 4485 lle
828 4448 887 4485 rust.
900 4436 942 4485 lib.
956 4436 1201 4485 ill—Taultmann.

139 4526 162 4569 iu
178 4525 254 4571 Fiant.
270 4523 394 4567 Metuant.
407 4517 431 4573 5,
445 4535 479 4565 se.
491 4534 519 4576 a,
533 4536 555 4564 v.
570 4518 612 4564 85.
