2670 5018
198 762 243 831 9²
286 739 288 742 ’
374 735 801 804 JO.FREINSHEMII
831 734 1076 804 SUPPLEM.
1124 767 1125 771 =

200 879 317 919 «rcum
338 856 489 943 patriam,
513 855 632 918 artium
653 856 800 919 omnium
821 854 1042 937 domicilium,
1062 856 1255 945 religionum

199 975 319 1045 «atque
341 957 503 1045 sapientiae
528 958 703 1044 templum,
722 958 755 1020 e't
767 953 883 1045 Pythii
904 957 1090 1021 testimonio
1107 980 1144 1021 ac
1160 981 1255 1040 voce,

200 1059 353 1122 «Graeciae
373 1059 603 1146 prytaneum.»
619 1057 682 1122 Sed
699 1057 776 1122 huic
795 1059 932 1122 orationi
950 1079 1017 1121 non
1035 1057 1142 1140 aliter,
1161 1074 1257 1147 atque

199 1161 258 1222 hac
273 1158 418 1222 vecordia
431 1159 566 1248 dignum
583 1175 664 1239 erat,
684 1159 770 1222 Sulla
787 1157 964 1248 respondit.
982 1188 995 1214 ι
1006 1158 1118 1239 Abite,
1134 1159 1271 1247 inquit,

199 1260 328 1339 «beati3
356 1275 388 1322 et
411 1259 480 1323 haec
504 1275 569 1323 tam
592 1259 727 1347 pulchra
754 1258 977 1323 declamatoris
1000 1258 1259 1325 adolescentibus

198 1362 392 1448 «praecipite.
409 1363 477 1450 Ego
490 1362 576 1425 enim
591 1378 721 1425 senatus
733 1360 911 1448 populique
924 1359 1049 1423 romani
1060 1359 1177 1441 missu,
1191 1383 1259 1425 non

198 1462 366 1526 «discendi
383 1464 500 1551 gratia,
518 1462 575 1527 sed
595 1462 636 1526 ad
652 1461 835 1550 puniendos
855 1462 988 1526 rebelles
1004 1459 1129 1526 adsum.
1140 1491 1154 1516 κ
1171 1462 1260 1526 Dum

198 1563 267 1626 haec
285 1580 443 1650 aguntur,
459 1565 542 1627 forte
556 1586 672 1627 senum
688 1565 721 1626 in
738 1563 897 1627 tonstrina
912 1584 1094 1627 sermonem
1110 1561 1260 1628 habitum

199 1665 415 1753 exploratores
433 1665 472 1728 ad
492 1665 611 1729 Sullam
631 1665 838 1728 retulerunt:
856 1679 994 1751 tyranno
1013 1661 1258 1745 maledixerant,

193 1765 284 1851 quod
292 1766 480 1851 nqgltgrenter
491 1781 626 1830 servaret
638 1765 944 1854 urbemffacilcsque
954 1765 1002 1827 ad
1010 1765 1260 1853 Heptacltalcum

197 1866 302 1928 aditus
315 1869 516 1932 r'ricustoditos
527 1872 646 1933 saberet.

243 1967 356 2030 XLIV.
377 1969 571 2056 Imperator,
591 1969 842 2058 haudquaquam
862 1967 1083 2056 spernendum
1103 1967 1258 2033 indicium

199 2083 302 2147 ratus,
326 2069 431 2133 media
450 2086 545 2134 nocte
564 2094 639 2134 cum
655 2070 812 2158 expeditis
829 2068 870 2133 ad
886 2070 994 2133 locum
1014 2069 1118 2150 venit,
1135 2085 1169 2134 et
1185 2072 1260 2157 quia

202 2190 269 2231 non
292 2167 430 2233 difficilis
455 2187 608 2258 superatu
625 2171 811 2251 videbatur,
835 2169 999 2233 admoveri
1017 2170 1124 2233 statim
1143 2173 1259 2251 scalas,

200 2285 232 2332 et
243 2269 334 2332 evadi
346 2272 379 2333 in
394 2295 525 2335 murum
534 2273 638 2351 jubet.
652 2273 780 2335 Primus
792 2272 939 2334 omnium
957 2271 1002 2334 Μ.
1015 2272 1112 2334 Teius
1125 2271 1161 2334 in
1175 2293 1259 2335 surn-

200 2394 290 2435 mum
307 2374 430 2454 enisus,
455 2398 556 2460 quum
576 2364 801 2438 occurrentem
823 2372 884 2436 sibi
907 2372 1032 2435 hostem
1052 2371 1179 2454 feriret,
1200 2373 1259 2437 ob-

196 2472 284 2550 jectu
297 2475 392 2561 galeae
405 2475 499 2562 fregit
511 2462 641 2538 ensem:
656 2495 716 2536 neo
729 2473 823 2537 cessit
837 2489 945 2536 tamen
960 2473 1049 2552 loco,
1065 2471 1139 2553 sed,
1156 2471 1261 2538 donec

199 2573 251 2635 alii
261 2575 497 2638 commilitones
512 2575 771 2662 supervenirent,
784 2575 909 2638 restitit.
921 2574 972 2638 Sic
984 2590 1173 2662 expugnata·
1184 2592 1261 2639 sunt

199 2674 311 2737 aSulla
322 2674 469 2754 Athenae,
487 2673 628 2739 kalendis
641 2675 772 2739 martiis.
784 2674 939 2754 Romani,
956 2673 1082 2756 diruto,
1100 2673 1263 2762 quidquid

200 2775 286 2837 inter
306 2774 385 2836 duas
407 2793 530 2863 portas,
550 2776 704 2839 Piraicam
726 2793 757 2840 et
777 2778 921 2857 Sacram,
944 2798 1115 2839 murorum
1135 2776 1260 2857 fuerat,

200 2897 407 2961 magnorum
423 2891 544 2940 terrore
560 2877 713 2965 ingressi,
737 2877 854 2941 strictis
870 2877 1002 2941 ensibus
1018 2875 1058 2939 ad
1075 2875 1195 2941 caedem
1210 2901 1260 2941 ra-

200 2977 356 3062 pinasque
374 2977 613 3060 discurrerunt3
635 3002 702 3042 non
717 2979 932 3044 defectionem
949 2995 1074 3042 tantum
1088 2979 1261 3044 Athenien-

200 3078 302 3157 sium,
325 3077 379 3141 sed
404 3102 476 3142 suas
500 3082 727 3162 contumelias,
750 3097 783 3144 et
805 3081 888 3159 jacta
912 3078 1091 3143 obsidionis
1114 3095 1261 3168 tempore

202 3181 362 3259 convicia,
382 3181 515 3245 immitis
532 3183 652 3271 ingenii
664 3183 733 3246 viro
744 3181 863 3244 acriter
876 3179 1068 3243 vindicante.

244 3281 341 3343 XLV.
360 3280 436 3343 Erat
451 3283 586 3346 omnino
606 3283 689 3346 foeda
706 3298 776 3346 tum
792 3304 921 3360 eorum,
939 3303 1011 3368 quae
1036 3279 1167 3361 fierent,
1186 3302 1260 3368 spe-

201 3380 281 3460 cies,
301 3397 371 3443 tum
393 3382 551 3447 factorum
575 3384 728 3448 memoria
750 3398 782 3445 et
802 3398 897 3445 notae.
919 3381 1030 3445 Multis
1051 3381 1084 3442 iu
1106 3379 1260 3444 domibus

201 3482 330 3545 condita
353 3485 385 3544 in
407 3507 502 3547 usum
527 3486 674 3549 ciborum
694 3485 836 3547 humana
853 3482 997 3546 membra
1018 3496 1164 3569 reperta:
1188 3498 1260 3544 tan·

201 3599 335 3669 tumque
356 3586 480 3648 cruoris
504 3608 539 3649 ea
565 3602 660 3650 nocte
680 3586 789 3649 fusum
816 3585 942 3666 ferunt,
965 3599 1016 3664 ut,
1042 3599 1158 3670 praeter
1185 3583 1260 3646 alias

202 3684 290 3746 urbis
310 3702 415 3771 partes
433 3685 572 3750 caedibus
593 3703 625 3749 et
647 3686 854 3751 cadaveribus
876 3685 1037 3772 oppletas,
1057 3699 1146 3748 totus
1162 3685 1261 3748 Cera-

201 3785 303 3846 micus
323 3785 364 3848 ad
383 3788 523 3874 Dipylon
545 3811 650 3875 usque
671 3787 827 3878 sanguine
846 3785 991 3864 fluxerit,
1015 3787 1149 3872 ejusque
1174 3786 1262 3848 rivos

201 3886 296 3953 etiam
315 3887 346 3949 in
365 3889 558 3951 suburbium
574 3910 718 3952 manasse
734 3887 865 3976 quidam
882 3886 1060 3951 retulerint.
1077 3884 1154 3950 Non
1173 3885 1261 3948 eninr

200 3986 384 4049 aRomanis
404 4003 529 4051 tantum
548 3989 635 4053 obvii
655 3990 897 4068 sternebantur,
915 3987 972 4051 sed
990 3988 1105 4076 ingens
1124 3985 1261 4074 oppida·

201 4107 318 4148 norum
338 4111 509 4169 numerus,
533 4091 696 4154 acerbiora
719 4108 823 4155 morte
844 4107 1010 4169 metuens,
1035 4089 1261 4177 desperatione

201 4188 259 4250 sibi
276 4212 387 4253 neceni
403 4191 629 4257 consciscebat.
642 4180 780 4257 Aristion
794 4216 867 4259 oum
886 4192 994 4280 paucis
1008 4192 1041 4254 in
1057 4214 1163 4286 arcem
1179 4212 1260 4254 con·

235 4400 250 4463 S
264 4403 352 4449 xL1v.
369 4404 399 4449 [Τ.
412 4403 440 4449 C.
451 4401 518 4458 666;
536 4405 566 4449 A.
581 4405 609 4452 C.
625 4404 666 4451 86.
684 4402 789 4451 -velt
804 4401 1021 4460 11,23.—1³tut.
1039 4427 1073 4438 -
1088 4401 1154 4448 Flor.
1168 4401 1220 4459 111,
1236 4399 1260 4445 5.

200 4511 234 4520 —
246 4484 353 4547 Appiau.
366 4510 399 4520 -η
410 4485 535 4532 Memnon.
