2670 5018
895 392 902 402 ι

956 419 960 429 a

292 735 347 804 IN
379 734 491 805 LOC.
517 735 611 802 LlB.
639 734 826 803 LXXVII
856 734 1071 805 LIVlANl.
1196 739 1217 809 3

120 855 248 919 reditui
270 855 456 943 cepissent,
478 854 511 917 in
539 855 718 944 muscipula
742 855 890 943 quinque
915 857 1080 922 musculos
1105 862 1217 943 enisa,

124 974 196 1023 tres
216 979 340 1023 eorum
359 954 535 1021 devoravit.

177 1059 239 1122 tv.
265 1057 330 1123 Sed
351 1057 433 1122 nihil
456 1057 519 1121 luit
538 1057 747 1136 horribilius,
765 1082 865 1147 quam
888 1059 978 1147 quod
996 1083 1112 1128 sereno
1138 1066 1216 1130 caelo

130 1161 226 1224 tubae
248 1183 316 1225 vox
337 1160 504 1242 insonuit,
528 1161 667 1250 lugubre
688 1177 720 1225 et
743 1160 834 1226 valde
857 1177 989 1226 acutum
1014 1185 1153 1247 canens,
1178 1184 1217 1232 ut

131 1263 291 1327 homines
314 1260 356 1326 ad
370 1261 607 1327 vehementiam
626 1263 737 1326 sonori
758 1265 917 1353 clangoris
938 1264 1216 1335 cohorrescerent.

135 1365 189 1427 Ex
210 1363 263 1428 his
284 1363 367 1427 tusci
390 1363 575 1452 haruspices
593 1367 808 1429 mutationem
825 1389 936 1429 rerum
960 1367 1079 1431 instare
1099 1369 1216 1456 praedi·
1308 1411 1312 1419 ι

135 1465 271 1529 cabant.
288 1467 444 1551 Dumque
458 1465 508 1529 his
523 1465 622 1529 rebus
637 1487 769 1553 operam
786 1463 842 1531 dat
857 1483 989 1530 senatus
1005 1468 1040 1530 in
1059 1466 1128 1533 aede
1143 1470 1216 1534 Bel·

137 1569 244 1649 lonae,
260 1589 369 1656 passer
383 1567 417 1630 in
431 1584 611 1655 conspectu
629 1568 780 1631 omnium
798 1566 941 1632 cicadam
960 1592 1017 1632 ore
1033 1586 1216 1659 correptam

137 1671 270 1753 intulit3
285 1670 421 1757 ejusque
435 1685 526 1758 parte
540 1669 681 1750 abjecta,
698 1669 775 1735 etin
793 1673 869 1734 fano
886 1672 1012 1753 relicta,
1027 1695 1103 1736 cum
1118 1674 1217 1739 altera

138 1788 231 1860 parte
247 1772 396 1838 avolavit.

188 1873 224 1937 V.
243 1871 282 1936 ld
303 1871 499 1962 portendere
517 1872 732 1938 secessionem
751 1874 925 1962 agrestium
944 1875 1216 1966 urbanorumque

138 1973 382 2062 responderunt
404 1974 611 2062 haruspices,
633 1997 776 2062 quorum
792 1974 883 2037 alteri
900 1974 1018 2040 cicadae
1036 1976 1070 2038 in
1090 2000 1215 2044 morem

136 2083 320 2165 streperent
338 2076 498 2158 vocibus,
516 2076 606 2141 alteri
624 2075 773 2139 similiter
790 2091 888 2162 atque
907 2075 953 2139 illi
969 2076 1036 2139 ruri
1052 2079 1217 2166 exigerent

135 2178 248 2243 vitam.
266 2178 359 2244 Nihil
372 2179 492 2242 horum
510 2179 690 2267 Sulpicium
708 2177 856 2264 acceptis
874 2177 1115 2255 remorabatur,
1135 2181 1216 2245 mira

136 2282 294 2368 pravitate
317 2280 509 2361 homiuem,
535 2295 573 2342 ut
594 2278 802 2366 improbitate
824 2300 892 2341 non
920 2277 1019 2341 modo
1048 2298 1216 2368 superaret

134 2398 296 2463 caeteros,
326 2381 385 2446 sed
410 2404 521 2446 secum
549 2381 618 2469 ipse
639 2396 762 2445 certare
785 2379 960 2443 videretur.
984 2380 1215 2447 Crudelitatem

134 2483 225 2547 enim
249 2483 424 2548 maximtuu
440 2483 510 2572 pari
528 2481 663 2547 audacia
680 2482 877 2568 avaritiaque
894 2481 1087 2566 miscuerat3
1108 2505 1216 2571 neque

134 2599 266 2649 tantum
289 2601 358 2649 erat
383 2585 488 2650 ullum
507 2583 685 2675 flagitium,
708 2585 799 2663 cujus
821 2584 872 2646 vel
898 2583 1101 2671 turpitudine
1130 2585 1216 2651 absi·

59 2770 63 2777 ι
134 2700 237 2749 steret
250 2709 267 2749 a
281 2684 458 2775 patrando,
476 2687 526 2750 vel
542 2686 732 2775 poenitentia
748 2702 822 2774 post
839 2685 961 2748 sactum
979 2684 1164 2753 duceretur.

180 2784 237 2850 vl.
254 2784 345 2869 Quid
362 2787 488 2852 multa?
505 2789 668 2852 civitatem
687 2809 855 2850 romanam
872 2788 1036 2876 propalam
1053 2789 1215 2854 vendebat

134 2886 296 2953 libertinis
308 2905 341 2952 et
354 2888 541 2976 inquilinis;
559 2904 593 2953 et
609 2912 719 2952 mensa
738 2889 771 2952 iu
791 2890 864 2951 foro
881 2887 985 2977 posita
1000 2891 1143 2978 pretium
1157 2914 1217 2955 nu·

134 2990 293 3056 merabat.
308 2992 385 3055 Tria
405 2992 489 3055 circa
505 3015 539 3056 se
562 2990 702 3056 habebat
720 2991 894 3055 hominum
914 2989 1105 3055 milliacum
1127 2994 1215 3058 ensi·

133 3091 220 3174 bus,
243 3110 277 3159 et
298 3093 340 3158 ad
359 3094 470 3158 omnia
493 3110 637 3181 paratam
661 3095 863 3182 equestrium
881 3094 1041 3172 juvenum
1065 3095 1215 3158 multitu·

133 3193 271 3258 dinem:
299 3190 443 3260 sexcenti
471 3211 564 3259 erant
584 3193 722 3270 delecti,
744 3216 827 3281 quos
849 3194 1075 3256 Autisenatum
1100 3214 1216 3258 vocare

134 3311 359 3360 consueverat.
373 3296 559 3378 Saturnini,
580 3295 815 3360 seditiosissimi
835 3295 996 3377 hominis,
1016 3294 1126 3358 omnia
1145 3294 1216 3358 lau·

133 3396 214 3459 dare
231 3398 364 3480 solitus,
382 3399 624 3463 cunctationem
640 3399 673 3462 in
693 3398 850 3486 praecipiti
870 3396 1024 3478 homine,
1043 3412 1076 3460 et
1092 3395 1215 3461 timidi·

135 3513 234 3560 tatem
259 3500 292 3562 in
319 3500 500 3566 furibundo
525 3500 795 3589 reprehendebat.
824 3498 938 3576 Idem,
962 3521 1065 3585 quum
1091 3498 1217 3563 tulisset

134 3600 262 3690 legem,
286 3622 329 3664 ne
347 3605 418 3688 quis
439 3618 566 3667 serrator
585 3602 721 3692 amplius
742 3618 814 3667 octo
838 3601 941 3663 millia
964 3623 1127 3664 nummum
1142 3602 1215 3664 cert's

132 3701 238 3766 ala'eni
250 3703 461 3785 contraheret,
479 3706 548 3795 ipse
565 3706 708 3769 moriens
725 3704 840 3768 debuit
858 3703 979 3766 centies
998 3702 1105 3767 vicies.

185 3805 255 3870 Vll.
272 3804 357 3871 Talis
370 3806 431 3887 vir,
445 3829 462 3870 a
479 3807 584 3870 Mario
598 3807 763 3871 immissus
779 3805 811 3868 in
835 3803 1086 3892 rempublicam,
1101 3803 1132 3866 vi
1148 3801 1215 3867 fer·

132 3929 240 3993 roque
254 3906 411 3972 destinata
423 3907 577 3996 perficere
590 3925 727 3973 conatus
740 3924 805 3987 est,
819 3930 922 3995 quum
934 3906 1103 3993 ingenium
1119 3904 1213 3981 etiam

130 4006 389 4096 facundiamque
406 4033 424 4074 a
441 4010 537 4075 bonis
554 4011 653 4075 initiis
671 4026 703 4074 et
719 4010 894 4074 rectissima
909 4007 1077 4072 voluntate
1098 4006 1139 4070 ad
1154 4029 1213 4072 an-

130 4109 245 4196 cipitia
271 4127 305 4175 et
326 4133 424 4199 prava
453 4113 680 4176 transtulisset.
703 4110 883 4199 'Praecipuae
910 4109 1045 4197 Sulpicii
1070 4108 1214 4171 actiones

133 4228 253 4291 erant,
274 4225 311 4274 ut
325 4212 447 4277 exsudes
456 4261 467 4292 ,
488 4213 598 4303 quibus
612 4236 743 4276 causam
760 4213 863 4275 dicere
879 4234 943 4274 non
963 4209 1113 4289 licuisset,
1129 4228 1215 4272 revo-

174 4428 191 4494 S
210 4437 258 4485 tV.
274 4435 403 4486 Plutarch.
416 4464 457 4476 —
473 4437 564 4487 Suidas
578 4438 605 4484 in
624 4434 726 4493 attae.
740 4457 775 4466 -
790 4429 806 4494 S
823 4431 856 4478 V.
868 4431 909 4478 Jo.
922 4428 1072 4477 Antiochen.
1086 4423 1214 4492 ap.Valea.

129 4545 168 4557 -
189 4517 318 4566 Plutarch.
332 4517 358 4565 in
371 4518 451 4577 Sulla,
464 4534 518 4584 cap.
531 4518 571 4565 ¹5.
586 4544 621 4556 -
636 4515 710 4581 SVI.
721 4513 844 4563 Plutarch.
855 4512 882 4561 iu
893 4508 988 4572 blario',
996 4527 1052 4574 cap.
1065 4512 1107 4570 57.

1001 4615 1035 4660 ¹⁶
1235 4666 1292 4712 Δ
