2670 5018
292 761 345 831 ΙΝ
376 763 608 832 LOC.L1B.
635 765 703 834 XC
734 764 945 835 LIVIANI.
1080 792 1153 863 2¹9

93 883 194 964 num,
213 904 321 970 quum
341 905 376 949 se
396 884 532 950 relatum
553 884 586 948 in
609 884 806 974 proscriptos
825 883 1006 970 didicisset,
1028 887 1151 953 bellum

92 985 205 1073 iugens
222 986 425 1050 excitaverat.
441 985 544 1075 Igitur
558 1000 597 1049 ut
611 985 693 1050 vires
708 985 738 1048 ei
756 984 1041 1069 subtraherentur,
1059 1010 1152 1053 sena-

93 1086 319 1168 tusconsulto,
337 1102 370 1151 et
387 1087 555 1175 rogatione
572 1087 697 1151 Plautia
714 1087 791 1151 belli
810 1085 950 1175 lepidani
965 1088 1065 1176 gratia
1082 1113 1150 1177 poe·

94 1189 274 1254 nitentibus
299 1190 402 1274 bota,
425 1187 614 1277 reditusque
636 1189 803 1271 decretus;
825 1189 963 1253 maxime
987 1190 1152 1256 annitente

94 1293 126 1357 C.
138 1291 282 1372 Caesam,
299 1291 357 1379 qui
370 1291 562 1355 concionem
578 1313 677 1378 super
689 1312 725 1355 ea
739 1314 775 1355 re
788 1290 921 1372 habuit,
937 1290 1027 1378 quod
1045 1292 1079 1354 in
1098 1313 1153 1355 ea·

95 1389 166 1455 dem
182 1414 281 1457 causa
303 1393 340 1456 L.
354 1391 473 1472 Cinna,
494 1391 604 1455 uxoris
621 1413 688 1455 suae
707 1393 821 1473 frater,
842 1407 933 1457 esset.
954 1392 1058 1481 Igitur
1078 1393 1155 1456 civi·

95 1490 172 1556 lium
184 1514 353 1557 armorum
366 1492 480 1572 furias,
497 1491 617 1578 quibus
630 1492 699 1580 ipse
710 1491 798 1557 haud
813 1492 948 1559 leviores
959 1493 1155 1558 excitaturus

96 1607 176 1673 erat,
190 1592 333 1656 multum
347 1609 546 1673 exsecratus,
561 1616 652 1658 orare
663 1594 772 1658 Patres
783 1594 895 1683 coepit,
906 1624 920 1650 «
930 1594 1154 1682 utaliquando

96 1694 165 1759 ·bis
178 1692 271 1757 malis
289 1693 446 1759 terminus
462 1710 649 1782 poneretur.
686 1732 689 1737 <

135 1795 228 1858 XIX.
247 1823 261 1849 ι
271 1795 322 1857 lra
335 1793 473 1858 deorum
486 1795 597 1858 multis
615 1795 656 1858 ab
672 1795 765 1859 annis
783 1795 827 1859 ita
842 1809 1088 1883 conquassatam
1106 1792 1155 1856 in·
1239 1795 1241 1799 ’

96 1897 216 1959 ·ternis
231 1894 445 1960 seditionibus
461 1896 713 1985 rempublicam,
729 1912 783 1978 ut,
801 1895 962 1984 siquidem
977 1895 1100 1960 diutius
1118 1915 1155 1957 ea

95 1995 233 2061 «durare
244 1995 344 2084 pestis
354 1995 487 2080 debeat,
499 2019 667 2062 necessum
680 1999 722 2062 sit
729 1998 839 2063 omnia
849 2010 954 2061 ruere.
965 1995 1154 2062 Desiderare

97 2098 241 2162 «Urbem
260 2113 450 2162 ornamenta
465 2098 552 2186 pacis
567 2098 729 2186 bellique;
746 2097 926 2163 desiderare
944 2095 1155 2161 consiliorum

97 2198 381 2285 muetos-imisque
401 2198 562 2288 principes
585 2199 733 2263 curiam:
753 2198 856 2263 multa
877 2196 1155 2286 praestantissimo·

97 2322 189 2364 ·rum
202 2300 348 2365 virorum
362 2300 465 2387 capita
478 2322 537 2388 per
550 2301 801 2388 Damasippum,
815 2300 919 2363 multo
935 2296 1052 2362 deinde
1063 2297 1154 2384 plura

96 2424 172 2489 «per
186 2401 310 2465 Sullam
326 2400 449 2482 decisa,
465 2424 537 2488 quae
552 2402 691 2466 velutin
709 2402 924 2491 opprobrium
936 2399 1071 2488 publicae
1087 2419 1155 2462 ser·

96 2502 226 2566 uitatis
242 2525 305 2590 pro
315 2502 439 2567 Rostris
454 2503 627 2591 spectanda
641 2520 915 2592 proponerentur.
930 2502 1028 2567 Nunc
1044 2516 1153 2565 autem

96 2604 302 2669 «remittente
318 2604 493 2668 numinum
510 2604 750 2694 indignatione,
768 2604 902 2669 sublatis
920 2605 1040 2669 horum
1056 2601 1155 2665 scele-

97 2730 190 2772 ·rum
201 2707 410 2789 auctoribus,
424 2729 592 2772 necessum
604 2707 692 2773 baud
703 2731 789 2789 esse,
804 2724 841 2772 ut
851 2707 1099 2772 deterrimorum
1110 2702 1155 2764 vi·

97 2831 229 2875 -sorum
241 2808 404 2891 instituta,
416 2831 474 2897 per
485 2809 606 2897 probos
619 2825 651 2873 et
664 2810 770 2897 patriae
779 2823 922 2873 amantes
936 2820 1153 2872 exerceantur.

137 2910 213 2974 XX.
226 2911 364 2974 «Donec
377 2932 489 2975 recens
500 2909 608 2974 adhuc
618 2909 817 2991 dominatio,
831 2926 865 2975 et
875 2907 1039 2975 dictatoris
1052 2922 1156 2969 terror

96 3010 278 3097 «primum,
297 3009 416 3074 deinde
438 3011 594 3074 memoria
615 3011 769 3092 valuerit,
790 3011 872 3076 facta
895 3008 1040 3098 quedam
1061 3030 1078 3070 a
1099 3027 1155 3094 ge·

99 3112 282 3177 -mentibus
309 3134 399 3193 esse,
424 3135 496 3200 quoe
518 3111 743 3177 recordatione
764 3129 950 3200 temporum
977 3125 1156 3192 utcumque

100 3211 357 3277 «defendentum
376 3212 498 3301 siquid
515 3236 631 3278 eorum
650 3229 801 3302 praeterea
820 3213 929 3294 fieret,
941 3212 1007 3292 jam
1028 3208 1155 3271 nullum

99 3342 112 3367 ι
121 3314 260 3379 colorem
270 3336 454 3402 superesse,
469 3315 549 3403 quin
559 3318 710 3381 consulto
721 3317 804 3380 tacta
815 3313 1004 3392 credantur,
1018 3307 1156 3373 etmulti

98 3436 181 3502 ·pro
190 3436 258 3479 uno
266 3415 362 3481 Sullae
371 3416 543 3481 exstitisse:
554 3417 595 3481 ita
608 3417 734 3481 nullum
744 3417 843 3481 alium
852 3415 952 3480 civilis
960 3411 1036 3477 belli
1047 3410 1155 3488 finem,

98 3515 182 3580 ·nisi
196 3515 349 3581 eumdem
362 3532 394 3580 et
406 3517 551 3604 imperii,
572 3519 694 3606 sperari
712 3541 815 3608 posse.
835 3517 938 3606 Igitur
960 3533 1157 3600 magnopere

99 3639 154 3681 «se
173 3617 346 3683 consulere
367 3618 534 3702 Patribus,
553 3636 590 3684 ut
608 3619 799 3709 recipiendis
819 3619 853 3682 in
877 3615 1056 3694 civitatem,
1075 3612 1156 3677 abo-

99 3718 282 3808 ·lendaque
293 3741 409 3784 eorum
421 3743 520 3802 noxa,
535 3721 592 3809 qui
603 3720 762 3808 Lepidum
774 3717 902 3806 sequuti
915 3737 1020 3803 nuper
1034 3729 1156 3794 essent,

101 3820 307 3885 minuerent
321 3820 430 3886 hostes
446 3824 572 3909 patrie,
589 3821 768 3908 darentque
784 3818 968 3906 exemplum
984 3816 1157 3891 omnibus,

102 3922 245 3987 -uemini
268 3944 412 3986 errorem
439 3946 536 3987 suum
560 3920 684 4002 fraudi,
714 3919 771 3985 sed
796 3934 923 3985 tantum
948 3916 1157 4006 pervicaciam

101 4022 208 4104 -tore;
224 4044 332 4109 neque
344 4038 491 4087 senatum
505 4023 584 4087 alios
601 4022 790 4087 habiturum
804 4043 864 4109 pro
877 4018 1041 4101 hostibus,
1060 4042 1157 4107 quam

100 4123 176 4209 «qui
192 4121 357 4187 conaliai
374 4124 483 4210 patriae
500 4123 615 4190 nolint.

141 4223 233 4288 XXI.
251 4222 411 4288 ·Nallum
428 4222 562 4289 validius
578 4224 619 4288 ad
634 4223 857 4290 stabiliendam
871 4246 983 4313 pacem
997 4222 1161 4304 adjumen-

100 4340 191 4390 ·tum
208 4325 301 4407 lore3
318 4347 392 4389 nam
410 4325 523 4390 eadem
537 4349 634 4415 opera
647 4327 807 4409 Sertorio,
824 4342 857 4391 et
873 4325 929 4415 qui
942 4325 995 4390 alii
1010 4349 1098 4390 arma
1111 4348 1161 4388 re-

101 4424 259 4506 ·tineant,
276 4447 426 4514 magnam
447 4426 562 4492 virium
580 4444 704 4515 partem
725 4429 947 4504 decessurum,
962 4442 995 4490 et
1011 4425 1158 4490 eamdem

103 4524 161 4591 ·ad
177 4525 412 4616 rempublicam
431 4551 631 4596 accessuram
644 4553 722 4597 esse.
734 4562 746 4588 υ
758 4530 919 4596 Ceterum
934 4543 1103 4616 postquam
1119 4522 1160 4587 ad
