2670 5018
211 739 267 807 IN
295 734 412 806 Loc;
438 737 532 804 LIB.
560 735 805 803 LXXXVIII
835 736 1054 808 LIVIANI..
1099 737 1165 809 183

97 860 160 927 ·de
179 860 329 924 Fortuna
349 871 508 944 quantum
530 855 610 918 mihi
626 855 798 943 pollicear,
815 855 998 944 quibusque
1014 858 1166 924 inductus

97 995 110 1019 ι
120 960 319 1041 rationibus,
335 958 424 1025 haud
435 957 536 1024 semel
546 957 722 1022 audivistis.
733 957 808 1038 Illa,
822 957 891 1037 illa,
905 958 998 1022 sicuti
1009 976 1166 1049 perpetuo

98 1097 111 1120 ι
120 1063 315 1143 consuevit,
330 1084 419 1125 nunc
435 1082 567 1150 quoque
583 1059 737 1149 reperiet,
751 1075 808 1122 aut
820 1059 916 1123 faciet
930 1078 1047 1124 nostrae
1064 1063 1167 1127 victo·

98 1166 175 1229 «riae
192 1164 289 1227 viam.
308 1162 377 1227 Nec
390 1160 472 1226 adeo
490 1179 610 1226 temere
624 1178 767 1249 coeptum
783 1161 863 1225 mihi
879 1162 1050 1227 consilium
1065 1164 1169 1229 existi·

100 1299 113 1322 ι
125 1267 287 1335 maveritis
298 1288 306 1329 :
319 1265 445 1329 animos
456 1263 615 1328 exercitus
630 1262 743 1351 magis,
755 1285 853 1349 quam
865 1285 1001 1350 corpora
1015 1264 1167 1351 respicio:

100 1367 282 1456 «quamdin
304 1367 349 1430 illi
373 1366 498 1455 vigent,
518 1387 586 1428 non
605 1362 744 1427 deerunt
761 1365 857 1427 etiam
874 1364 965 1428 fessis
981 1365 1105 1428 lacertis
1121 1366 1169 1429 vi-

102 1490 192 1550 ·res3
204 1483 238 1532 et
252 1484 361 1531 tamen
376 1466 516 1554 spatium
531 1466 594 1531 erit
607 1465 680 1529 cibo
695 1488 732 1528 ac
745 1465 872 1529 modica
886 1467 995 1552 quiete
1006 1465 1170 1530 reficiendi

103 1569 282 1634 «membra.
299 1569 365 1632 Vos
379 1590 456 1656 ergo
472 1568 610 1648 alacres,
631 1567 782 1652 bonaque
802 1589 858 1654 spe
877 1566 982 1654 pleni,
996 1565 1038 1631 ad
1055 1589 1171 1630 curan·

104 1670 207 1736 ‹dum
219 1687 341 1735 vestras
353 1685 459 1757 partes
471 1666 641 1750 discedite,
657 1667 876 1755 militemque,
889 1683 926 1730 ut
936 1667 1062 1730 solitam
1077 1666 1171 1737 nobis

105 1773 279 1836 «virtutem
300 1785 446 1859 praestet,
463 1770 619 1834 excitate:
638 1791 712 1832 nam
730 1791 813 1857 ego,
830 1768 921 1856 quod
943 1769 1041 1850 mihi,
1062 1769 1172 1856 reipu-

105 1873 235 1954 «blieoe,
254 1887 288 1936 et
303 1871 457 1936 exercitui
474 1871 558 1935 bene
578 1885 701 1950 vertat,
720 1870 849 1959 signum
867 1893 985 1959 pugnae
1002 1870 1170 1935 confestim

106 1972 252 2038 «dabo»
387 2036 389 2041 .

148 2075 224 2147 XII.
241 2075 291 2139 Ita
313 2073 457 2139 kalendis
477 2073 710 2137 novembribus
729 2089 804 2160 post
825 2095 946 2137 nonam
972 2073 1036 2138 diei
1055 2074 1172 2139 horam

107 2177 241 2241 summis
257 2176 381 2240 viribus
398 2197 613 2258 concursum;
637 2197 745 2262 neque
767 2198 913 2262 unquam
934 2177 1068 2263 propior
1086 2177 1172 2241 victo

107 2279 213 2360 Sulla,
231 2294 289 2342 aut
311 2278 345 2340 in
369 2278 490 2359 majore
514 2278 658 2365 periculo
681 2278 785 2339 Roma
806 2276 878 2340 fuit.
905 2279 1062 2341 Dextrum
1077 2278 1173 2341 Sullae

61 2418 66 2427 ι
108 2403 228 2461 cornu,
244 2380 297 2443 cui
315 2378 361 2443 M.
380 2380 513 2442 Crassus
525 2395 677 2465 praeerat,
692 2378 818 2467 egregie
833 2377 926 2460 vicit3
939 2394 1173 2465 persequutus·

109 2504 172 2568 que
189 2482 351 2570 fugientes
367 2483 500 2544 Crassus
519 2496 624 2545 certos
640 2481 792 2544 homines
809 2479 915 2560 misit,
933 2480 990 2566 qui
1008 2503 1076 2544 rem
1089 2480 1174 2544 bene

108 2599 229 2670 gestam
246 2583 435 2646 nuntiarent
452 2583 567 2663 Sullae,
584 2599 616 2647 et
637 2582 756 2646 cibaria
776 2581 869 2647 militi
884 2597 1076 2671 poscerent:
1098 2605 1171 2646 nam

110 2682 233 2747 delatus
253 2685 447 2747 Antemnam
467 2705 590 2770 usque,
615 2700 718 2747 castra
740 2683 786 2747 ibi
807 2699 968 2770 posuerat.
992 2682 1055 2748 Sed
1078 2699 1174 2748 nocte

107 2783 170 2862 jam
186 2782 318 2865 adulta,
337 2784 394 2872 qui
409 2785 538 2849 fuerant
554 2785 661 2866 missi,
679 2784 720 2848 ad
733 2786 854 2850 Sullam
871 2801 1107 2873 pervenerunt,
1122 2784 1177 2850 de·

110 2886 260 2950 Iunctum
279 2885 484 2966 discrimine,
503 2887 557 2949 cui
577 2902 647 2949 tum
673 2885 861 2974 gravissimo
881 2909 918 2950 ac
939 2884 1175 2949 formidolosis·

110 2987 193 3052 simo
216 2987 400 3051 subivcrat:
420 3010 495 3051 nam
517 2988 667 3068 interim,
685 2985 766 3050 dum
790 2988 957 3076 oppositos
980 2987 1042 3051 sibi
1064 2987 1175 3050 hostes

110 3089 242 3153 Crassus
258 3087 369 3151 fundit
382 3089 559 3177 fugatque,
576 3088 690 3152 laevum
705 3089 799 3153 Sullae
818 3109 922 3153 cornu
940 3087 1032 3152 valde
1049 3088 1175 3151 labora·

111 3204 179 3270 rat3
197 3211 386 3278 quanquam
403 3213 443 3253 eo
460 3188 502 3253 ad
517 3189 692 3254 slstendam
716 3212 851 3253 suorum
872 3192 982 3279 fugam
1003 3189 1090 3253 Sulla
1108 3188 1179 3277 ipso

112 3313 146 3354 se
161 3290 363 3354 contulisset.

156 3391 248 3455 XIII.
265 3390 407 3473 Ferunt,
421 3391 495 3455 albo
511 3407 543 3455 et
557 3393 679 3480 pernici
694 3416 780 3479 equo
793 3392 1007 3473 insidentem,
1022 3408 1055 3455 et
1068 3414 1087 3454 a
1099 3390 1178 3455 d‘uo·
1275 3459 1280 3467 ⁴

113 3490 174 3554 bus
189 3491 336 3555 hostium
349 3493 513 3578 equitibus
523 3492 600 3557 iude
613 3493 778 3582 agnitum,
790 3495 888 3558 hastis
905 3494 1028 3558 emissis
1040 3493 1178 3580 petitum

114 3591 230 3673 fuisse3
248 3614 310 3654 nec
325 3591 549 3657 animadverso
564 3595 728 3682 periculo,
748 3594 805 3658 sed
822 3618 960 3684 agasone
977 3616 1098 3680 equum
1116 3594 1178 3657 im-

115 3691 272 3778 pellente,
299 3692 456 3758 hactenus
481 3718 551 3759 esse
574 3713 846 3783 praetervectum,
873 3713 910 3761 ut
932 3719 1019 3784 pone
1043 3694 1180 3763 caudam

114 3794 189 3880 equi
210 3794 308 3858 hastae
327 3795 361 3858 in
389 3811 472 3860 terra
492 3795 719 3886 defigerentur.
743 3798 820 3861 Erat
839 3797 903 3862 hoc
920 3820 1048 3861 morum
1064 3796 1179 3878 Sullae,

116 3909 152 3955 ut
175 3893 342 3958 modicum
360 3896 501 3984 sigillum
524 3898 700 3985 Apollinis,
718 3898 809 3986 quod
831 3923 870 3963 ex
891 3899 1012 3987 templo
1028 3897 1180 3987 delphico

116 3996 304 4078 sustulerat,
321 3996 356 4059 in
375 4015 552 4085 conspectu
570 4000 728 4064 exercitus
744 4000 907 4082 adoraret,
922 3999 1182 4088 promissamque

115 4095 282 4160 victoriam
304 4100 457 4162 maturari
476 4116 618 4187 peteret:
637 4100 671 4164 id
687 4116 758 4164 tum
776 4101 871 4165 etiam
890 4100 1000 4165 eduxit
1017 4101 1108 4181 sinu,
1127 4124 1181 4164 ex·

117 4197 364 4285 osculatusque,
381 4201 459 4265 fusis
473 4250 486 4284 „
507 4225 586 4288 quas
609 4224 748 4291 praesens
771 4201 941 4290 trepidatio
960 4216 1181 4294 suggesserat,

151 4409 242 4475 SUI.
253 4414 318 4464 vett.
333 4416 371 4474 11,
382 4417 424 4464 st.
434 4443 468 4453 -
478 4418 551 4464 Oros.
565 4442 600 4452 —
612 4416 677 4466 Plnt.
688 4415 800 4474 insutu,
815 4431 839 4465 c.
852 4415 901 4477 59,
922 4424 946 4462 et
958 4415 987 4462 in
998 4414 1131 4469 Gemma.
1144 4424 1186 4459 ro«

118 4524 153 4538 -
167 4499 275 4564 Appifln.
286 4497 342 4548 civ.
352 4499 395 4549 tib.
407 4503 428 4550 I.
