2670 5018
36 4 1266 390 u

142 782 188 866 da
298 783 368 850 JO.
395 781 746 853 FREINSHEMII
776 785 1027 855 SUPPLEM.

143 925 222 991 qnas
237 922 357 990 nuper,
375 915 506 966 auctore
519 901 642 987 Mario,
655 903 694 983 P.
707 905 865 994 Sulpicius
878 906 912 970 in
927 905 1094 971 tribunatu
1111 928 1187 994 pro·

143 1005 354 1093 mulgarerat3
374 1016 411 1067 ut
425 1003 498 1067 novi
512 1004 589 1069 cives
600 1007 634 1069 in
646 1005 785 1070 omnibus
800 1006 936 1071 creabas
949 1004 1111 1096 suffugia
1116 1004 1189 1093 fen

142 1116 235 1169 rent:
250 1104 290 1169 ad
307 1127 403 1191 quam
419 1105 521 1194 legem
537 1104 732 1170 miscendam
750 1129 790 1172 ex
805 1108 954 1172 universa
966 1108 1056 1172 ltalia
1067 1108 1185 1172 civium

142 1226 301 1269 novorum
318 1204 492 1270 multitudo
507 1206 621 1296 ingens
637 1209 851 1273 concucurrit.
867 1207 1031 1275 Ediverso
1048 1224 1186 1288 veteres,

143 1322 177 1371 et
191 1307 387 1394 quicumque
402 1306 511 1394 quieta
525 1308 687 1396 republica
705 1308 901 1399 gaudebant,
920 1308 1184 1400 refragabantur:

142 1407 313 1495 apparebat
335 1409 420 1472 enim
444 1430 513 1473 rem
538 1407 580 1474 ad
598 1406 793 1475 revocandos
815 1411 937 1492 exsules
957 1425 1114 1500 spectare,
1135 1431 1188 1472 re·

142 1508 388 1597 novandamque
404 1510 562 1574 malornm
583 1510 719 1576 istorum
741 1511 963 1594 acerbitatem,
980 1509 1069 1576 unde
1089 1509 1189 1598 paulo

141 1623 216 1672 ante
230 1610 283 1673 vix
299 1610 434 1674 eluctata
450 1610 558 1675 civitas
570 1609 685 1677 fuerat.

185 1710 229 1774 ΙΙ.
252 1710 377 1775 Idcirco
398 1727 570 1800 postquam
588 1712 726 1777 Cinnani
746 1734 821 1778 cum
839 1712 911 1779 sicis
929 1728 1016 1776 veste
1038 1712 1131 1776 tectis
1153 1712 1185 1774 in

139 1811 248 1876 lorum
262 1813 522 1895 convolaverant,
536 1814 683 1901 antiquas
696 1814 731 1877 in
742 1813 846 1878 tribua
861 1813 958 1901 recipi
971 1812 1188 1901 postulantes,

141 1913 254 1977 melior
275 1937 347 2002 pars
372 1916 505 1980 civitatis
523 1914 564 1979 ad
581 1915 722 1981 consulis
742 1915 866 1981 Octavii
884 1913 1039 1996 domurn,
1061 1935 1103 1976 ne
1119 1913 1188 2001 ipsa

141 2012 273 2101 quidem
286 2015 434 2099 inermis,
453 2014 618 2081 confluxit.
635 2017 681 2099 ls,
697 2037 853 2106 quorsum
871 2037 1001 2081 masura
1017 2035 1068 2078 res
1086 2029 1188 2095 esset,

140 2113 250 2179 animo
270 2115 557 2205 circumspectans,
576 2115 634 2182 ubi
660 2115 812 2196 majorem
836 2115 1041 2180 tribunorum
1064 2128 1188 2201 partem

141 2213 339 2281 intercedere
353 2217 415 2306 legi
430 2216 568 2300 audivit,
585 2216 641 2282 sed
656 2217 788 2282 eosdem
800 2239 819 2281 a
832 2217 923 2281 novis
938 2216 1060 2280 civibus
1078 2215 1189 2280 stricto

140 2314 227 2381 lerro
243 2317 284 2382 de
299 2319 422 2383 Rostris
441 2318 621 2400 deturbari3
638 2317 679 2383 ad
697 2318 851 2382 auxilium
869 2315 1038 2381 ferendum
1053 2339 1112 2403 per
1131 2315 1188 2380 Sa-

142 2438 228 2481 ctam
239 2419 322 2482 viam
337 2443 411 2483 curn
426 2441 542 2509 magno
554 2419 672 2483 civium
685 2419 812 2506 agmine
824 2417 1005 2481 decucurrit
1018 2416 1051 2479 in
1064 2417 1190 2501 forum,

142 2516 346 2607 disjectisque
357 2520 558 2599 adversariis,
573 2520 708 2583 Cinnam
722 2518 898 2582 reverentia
911 2518 995 2606 paris
1008 2516 1189 2606 potestatis,

143 2634 176 2683 et
202 2620 294 2683 solita
320 2620 440 2708 ingenii
465 2620 595 2684 lenitate
621 2618 804 2699 declinans,
830 2619 865 2681 in
892 2616 993 2682 aedem
1020 2621 1190 2684 Castorum

144 2717 281 2784 deflexit.

185 2821 243 2884 111.
261 2823 305 2884 At
319 2820 451 2884 comites
467 2821 551 2904 ejus,
568 2843 635 2885 non
651 2837 832 2910 exspectato
848 2821 988 2886 consulis
1003 2823 1113 2904 jussu,
1129 2824 1191 2886 im·

141 2935 252 3008 petum
269 2921 303 2984 in
319 2942 421 2985 novos
439 2920 522 2985 cives
538 2919 700 3005 fecerunt3
716 2922 867 3010 caesisque
881 2944 947 2986 non
964 2924 1067 2988 multo
1083 2924 1191 2987 minus

142 3020 255 3086 decern
273 3021 431 3098 millibus,
446 3021 588 3110 reliquos
601 3020 642 3086 ad
656 3022 739 3111 ipsas
753 3045 857 3111 usque
871 3038 979 3111 portas
994 3022 1091 3087 Urbis
1104 3022 1192 3087 inse·

142 3124 236 3210 quuti
251 3139 337 3188 sunt.
351 3122 455 3187 Cinna
470 3146 590 3211 quum,
605 3139 718 3211 praeter
731 3123 1000 3212 exspectationem
1016 3144 1124 3203 snam,
1141 3122 1193 3185 fu·

142 3246 195 3289 sos
219 3225 410 3313 fugatosque
429 3247 448 3288 a
467 3224 671 3313 paucioribus
695 3225 816 3289 multos
838 3222 980 3305 videret,
998 3244 1056 3309 per
1070 3221 1192 3286 Urbem

141 3324 358 3406 discurrebat,
376 3326 502 3390 servitia
517 3325 559 3390 ad
573 3327 693 3414 pileum
707 3346 835 3389 vocans.
854 3321 932 3404 Sed,
947 3321 1118 3386 accedente
1133 3345 1194 3387 ne·

142 3426 249 3508 mine,
275 3427 388 3514 pulsus
413 3426 453 3490 ab
478 3427 686 3514 optimatibus
713 3427 746 3489 in
770 3424 975 3512 Campaniam
1004 3421 1193 3506 contendit,

143 3549 271 3604 omnes,
296 3548 376 3614 quas
394 3525 427 3589 in
447 3527 561 3590 itinere
583 3526 720 3609 adierat,
743 3525 839 3590 urbes
860 3525 1065 3604 cohortatus,
1088 3538 1125 3588 ut
1135 3524 1195 3613 jus

142 3630 273 3693 civatem
292 3649 389 3715 nuper
406 3638 565 3716 acceptum
579 3629 649 3690 totis
663 3629 774 3691 ambus
791 3638 968 3705 tuerentur,
984 3627 1196 3713 pecuniasque

142 3728 329 3817 corfirrent.
344 3730 416 3792 Hoc
426 3727 513 3815 apud
525 3727 673 3793 Tiburtes
686 3744 719 3793 et
732 3727 963 3805 Praenestinos,
979 3739 1012 3788 et
1025 3723 1121 3805 alios,
1136 3725 1194 3812 qui

144 3829 184 3894 ad
195 3831 311 3894 Nolam
329 3852 433 3916 usque
445 3830 572 3910 colunt,
589 3831 665 3919 egit.

150 4006 152 4011 ,
187 3931 242 3995 Ν.
259 3931 373 4016 Neque
386 3931 534 3994 senatorii
550 3930 672 3995 ordinis
685 3930 745 3995 viri
761 3925 945 4011 adjuvandis
955 3925 1066 3988 Cinnae
1082 3927 1195 4015 coeptis

144 4032 289 4114 deerant,
309 4035 345 4097 C.
358 4032 510 4097 Milonius
530 4049 604 4098 ante
621 4033 715 4113 alios,
739 4030 832 4096 Caius
848 4026 985 4107 Marius,
1008 4048 1127 4115 magno
1149 4027 1195 4091 illi

180 4275 228 4339 §L
242 4278 274 4325 tJ.
283 4276 311 4324 C.
323 4275 389 4333 6653
401 4274 432 4322 A.
442 4274 471 4323 C.
481 4275 522 4335 ⁸7·
540 4298 574 4311 -
589 4273 640 4321 Liv.
651 4271 717 4335 Epir.
735 4294 770 4308 -·
784 4268 890 4332 Appiae,
903 4266 977 4314 Giril.
991 4264 1036 4314 lib.
1048 4268 1069 4313 l.
1085 4292 1120 4302 -
1129 4265 1196 4313 velt

147 4362 185 4418 11,
197 4375 238 4406 ao.
248 4386 283 4396 -
291 4358 395 4407 Diodor.
405 4383 439 4396 ·-
448 4357 513 4406 llor.
526 4357 577 4416 lll,
590 4371 631 4404 ar.
644 4380 680 4394 ·-
690 4357 762 4404 Auct.
775 4350 806 4399 dc
814 4351 868 4399 Vir.
882 4350 918 4400 ill.
933 4351 960 4399 in
973 4350 1058 4401 Cinna·
1072 4375 1107 4385 -
1119 4347 1136 4413 §
1149 4350 1195 4396 111.

147 4443 211 4491 Vell.
224 4445 261 4502 11,
272 4459 313 4491 aa.
331 4470 365 4480 —
379 4441 488 4508 Appiau.
503 4465 538 4479 -
552 4438 605 4489 Lit.
621 4438 687 4503 Epir.
702 4463 737 4475 -
754 4433 818 4485 Plut.
827 4433 854 4482 in
867 4436 958 4484 Sertor.
967 4449 1021 4498 cap.
1030 4433 1056 4480 6.
1067 4422 1102 4468 -Ᾰ-
1115 4431 1196 4494 Apoll.

145 4517 252 4589 xlv,'t.
266 4527 361 4576 -Vat
375 4528 445 4577 Max.
459 4526 498 4584 11,
512 4540 536 4571 a.
