2670 5018
225 707 284 777 m
315 704 429 773 noc.
455 671 548 773 sm.
573 705 716 775 cxxx
746 705 961 776 ervum.
1080 701 1137 799 75..

69 827 217 902 exstincta
226 841 287 907 est,
298 847 403 913 quum
414 825 449 888 in
460 824 570 889 locum
579 825 649 904 ejus
659 846 756 889 nemo
764 824 868 890 factus
877 824 992 893 flamen
1002 843 1128 915 septem

69 944 94 991 et
107 927 317 1017 septuaginta
332 926 427 990 annis
440 927 628 1014 reperiatur.

104 1030 204 1094 XLV.
219 1029 306 1093 Nam
322 1030 360 1094 C.
372 1029 495 1106 Caesar,
511 1052 634 1093 annum
649 1051 747 1118 agens
761 1029 936 1118 septimum
949 1029 1137 1115 decimum,

68 1132 206 1196 alllario
225 1131 397 1219 Cinnaque
419 1129 614 1212 destinatus,
640 1131 775 1195 victoria
795 1130 891 1194 Sullae
912 1131 1128 1198 sacerdotium

68 1234 179 1298 amisit.
193 1234 261 1298 Pro
274 1233 391 1298 Catulo
406 1232 568 1321 deprecati
582 1233 722 1298 Marium
739 1234 927 1316 necessarii,
944 1256 986 1297 ne
1003 1230 1136 1300 incolu?

69 1336 210 1401 mitatem
225 1335 372 1424 quidem,
384 1334 442 1400 sed
455 1336 602 1401 exsilium
615 1352 756 1418 orantes,
770 1335 894 1400 nullam
903 1335 943 1399 ab
958 1337 1132 1402 sevissimo

68 1439 252 1503 mortalium
269 1439 450 1528 exprimere
463 1458 576 1503 rocem
594 1453 789 1528 potuerunt,
809 1454 925 1525 praeter
941 1437 1025 1501 hane
1045 1460 1130 1526 saepe

68 1540 256 1628 repetitam,
272 1542 436 1605 marrow.
455 1540 560 1628 Igitur
575 1539 720 1604 inclusus
733 1539 825 1621 loco,
843 1539 899 1627 qui
921 1561 1026 1627 nuper
1045 1539 1131 1606 calce

68 1640 171 1709 fuerat
187 1642 328 1725 oblitus,
346 1643 486 1707 multum
499 1640 613 1707 inferri
630 1641 738 1730 ignem
752 1641 868 1722 jussit,
886 1655 983 1728 atque
999 1641 1045 1705 ita
1062 1643 1132 1706 suf-

68 1742 174 1807 focato
191 1743 325 1832 spiritu,
342 1743 519 1809 exstinctus
534 1758 593 1809 est.
613 1744 703 1809 Inter
717 1745 786 1809 haec
801 1742 951 1808 misertus
967 1744 1076 1832 patriae
1098 1760 1133 1812 et

68 1844 187 1908 cisium
210 1845 253 1928 Q.
270 1845 452 1928 Sertorius,
478 1846 535 1933 qui
556 1846 645 1910 solus
665 1845 751 1909 inter
770 1860 960 1908 caeterorum
985 1845 1131 1910 furorem

69 1946 159 2009 omni
180 1945 340 2012 maleficio
357 1947 549 2013 abstinuisse
571 1947 688 2028 fertur,
709 1946 858 2013 damnata
878 1945 973 2010 Marii
995 1947 1132 2029 saevitia,

67 2049 218 2136 privatim
232 2049 403 2138 appellarit
415 2049 573 2131 Cinnam,
589 2065 622 2113 et
636 2049 838 2122 miseriarum
847 2048 945 2112 Urbis
958 2049 1134 2137 postulavit

69 2149 223 2231 modum,
242 2172 418 2238 servosque
436 2153 613 2234 marianos,
631 2173 734 2238 quum
751 2174 770 2216 a
785 2151 889 2214 Cinna
905 2151 1021 2238 saepius
1039 2151 1132 2215 cohi·

70 2250 145 2333 biti,
163 2251 248 2316 nihil
267 2251 309 2317 de
326 2251 499 2317 sceleribus
515 2253 735 2336 remitterent,
751 2252 890 2339 acceptis
909 2251 951 2315 ab
970 2274 1011 2315 eo
1023 2252 1132 2319 Gallo·

70 2374 142 2416 mm
157 2353 306 2435 auxiliis,
319 2353 435 2418 eodem
455 2355 529 2419 loco
546 2369 649 2420 castra
661 2353 818 2418 babentes
834 2368 935 2417 noctu
952 2352 1134 2418 circumde-

71 2452 136 2536 dit,
148 2471 183 2520 et
198 2454 240 2519 ad
253 2478 358 2519 unum
375 2479 505 2540 omnes,
522 2456 694 2520 hominum
711 2479 779 2520 non
794 2456 902 2520 minus
921 2471 995 2520 octo
1014 2455 1133 2538 millia,

71 2557 197 2621 delerit.

111 2658 229 2723 XLVI.
251 2659 304 2724 Sic
326 2681 413 2723 anno
430 2660 634 2749 magistratus
656 2675 786 2740 exacto,
805 2658 909 2723 Cinna
931 2659 1080 2723 consules
1098 2659 1133 2722 in

72 2783 193 2824 annum
211 2777 419 2848 sequentem,
436 2784 470 2824 se
485 2762 623 2842 iterum,
640 2763 675 2826 C.
686 2759 826 2824 Marium
842 2760 1036 2848 septimum,
1055 2760 1138 2828 citra.

73 2863 134 2938 ulla
145 2863 279 2926 comitia
288 2864 484 2927 renuntiavit
497 2864 583 2951 :spei
595 2862 636 2927 de
648 2879 770 2951 septem
783 2862 1003 2928 consulatibus
1015 2879 1138 2928 eventu

73 2964 221 3045 meliore,
239 2986 338 3051 quam
357 2964 507 3051 sperandi
526 2987 621 3028 causa
640 2966 754 3028 fuerat.
772 2963 877 3043 Hujus
899 2964 976 3026 anni
994 2964 1084 3028 triste
1102 2981 1137 3029 et,

73 3065 180 3129 minax
200 3063 389 3145 exordium,
407 3081 520 3129 caetera
539 3066 637 3153 paulo
656 3066 815 3154 quietiora
831 3081 975 3153 tempora
998 3088 1138 3153 escape·-

74 3181 158 3228 runt.
174 3164 239 3229 Sed
256 3165 372 3229 eodem
394 3165 463 3247 die,
486 3190 552 3253 quo
576 3167 652 3229 novi
672 3167 821 3230 consules
843 3166 1006 3248 inierunt,
1030 3189 1140 3253 quum

75 3267 209 3330 maxime
224 3290 313 3330 sacra
324 3267 357 3329 in
372 3267 515 3354 auspicio
531 3268 608 3331 anni
624 3283 657 3331 et
670 3269 915 3357 magistratuum
925 3268 1030 3356 patrio
1043 3292 1144 3332 more-

75 3364 206 3448 lierent,
231 3370 266 3432 C.
281 3367 402 3432 Marius
421 3366 504 3431 filius
524 3368 733 3433 tribunorum
756 3369 858 3456 plebis
883 3368 1057 3455 quemdam
1076 3394 1140 3438 sua

76 3491 172 3532 manu
186 3468 323 3549 occidit,
338 3485 500 3557 caputque
513 3470 702 3533 consulibus
717 3470 826 3534 misit:
841 3469 970 3534 duobus
987 3472 1134 3558 praetori·

77 3570 134 3634 bus
150 3572 218 3660 igni
237 3588 271 3635 et
289 3594 373 3658 aqua
386 3569 594 3635 interdictum
611 3587 660 3634 est
677 3595 685 3635 :
702 3571 773 3635 Sex.
788 3570 929 3634 Licinius
948 3585 1077 3634 senator
1094 3571 1133 3634 de

78 3694 150 3734 saxo
165 3673 304 3760 Tarpeio
320 3672 463 3735 consulis
479 3671 571 3736 Marii
584 3672 678 3752 jussu
695 3672 921 3760 praecipitatus.

120 3773 249 3836 XLVIl.
264 3771 328 3836 Sed
348 3775 481 3836 efferam
498 3774 640 3837 hominis
652 3773 886 3837 immanitatem
900 3772 972 3835 idus
982 3774 1136 3853 januarias

80 3871 241 3938 linierunt.
252 3873 431 3937 Laboribus
443 3890 475 3938 et
489 3877 579 3939 senio
591 3875 800 3954 exhaustum,
814 3875 989 3962 prasertim
999 3875 1084 3939 fama
1096 3876 1138 3940 de

57 3961 62 3966 ⁸
78 3975 160 4038 Sulla
180 3976 373 4039 exterruisse
396 3975 533 4057 dicitur,
551 3999 665 4064 quem,
683 3975 777 4039 finito
795 3976 880 4039 bello
901 3975 1137 4060 mithridatico,

111 4148 126 4212 5
139 4149 229 4197 mv.
238 4147 295 4195 Vrl.
307 4148 376 4196 Max.
389 4149 440 4208 11,
455 4163 496 4197 rr.
505 4175 540 4185 -
553 4148 618 4196 llor.
633 4174 667 4185 ·-
676 4147 741 4195 Vell.
753 4175 788 4184 -
800 4147 860 4206 Dio,
876 4149 940 4206 LIV,
957 4162 996 4193 rr.
1006 4173 1041 4182 -
1050 4149 1139 4197 lluald.

80 4235 104 4279 in
120 4233 242 4281 Plutarchi
259 4230 389 4280 Animadv.
403 4235 442 4281 18.
459 4259 494 4269 -
504 4234 562 4279 Tac.
575 4231 665 4279 Annsl.
681 4232 732 4289 111,
745 4232 787 4280 ⁵8.
803 4257 838 4267 -
851 4228 866 4294 S
880 4229 1138 4278 numerantes.
1235 4229 1237 4233 ’

80 4333 130 4381 cap.
140 4333 161 4365 r.
169 4317 270 4364 -Velb
278 4318 317 4373 ll,
328 4318 369 4370 43.
379 4317 473 4365 -ctc
484 4317 558 4364 Tusc-
567 4316 703 4377 QuaestN,
714 4331 759 4376 19,
769 4325 793 4363 et
804 4314 836 4362 de
845 4315 912 4362 Orat.
923 4316 974 4372 111,
985 4315 1009 4362 3.
1018 4340 1052 4350 -
1061 4312 1137 4364 Diod.

80 4400 158 4465 Felog.
168 4402 212 4448 lib.
231 4401 380 4448 mvnt.
397 4428 431 4437 -
447 4399 569 4449 Plutarch.
581 4400 607 4448 in
620 4402 711 4448 sertor.
727 4415 781 4462 cap.
794 4414 819 4457 7,
832 4408 856 4446 st
867 4398 894 4444 in
904 4399 967 4445 Mar.
985 4423 1019 4434 -
1030 4397 1138 4461 Appian.

80 4509 113 4521 -
124 4485 237 4545 ΟΜΝ,
254 4501 296 4547 ¹9·
306 4483 403 4534 -bin
415 4485 479 4555 Epit.
