2670 5018
237 739 294 808 ns
325 739 438 809 noc.
464 735 555 809 tta.
584 718 792 810 nixam
821 744 1034 817 Ltvmnr.
1108 743 1175 816 133

95 861 156 942 sit,
172 861 234 948 qui
247 860 461 926 Nicomedem
475 878 574 950 atque
590 862 841 927 Ariobarzanem
857 887 948 956 reges
960 866 996 930 in
1009 889 1109 959 regna
1124 893 1175 935 re·

96 958 246 1025 duceret.

140 1063 299 1127 XXXVI.
317 1061 444 1128 Deinde
461 1063 588 1129 senatui
606 1061 761 1128 derebus
778 1065 933 1130 omnibus
949 1067 1094 1157 scripsit,
1110 1068 1173 1134 ho·

98 1179 181 1229 stem
204 1187 241 1229 se
257 1161 441 1245 judicatum
464 1187 533 1230 esse
558 1164 773 1231 dissimulans.
795 1166 854 1231 His
876 1166 921 1232 ita
943 1190 982 1232 ex
1003 1169 1102 1233 anImi
1122 1171 1173 1234 sui

99 1265 260 1331 sententIa
279 1265 489 1355 compositis,
507 1266 609 1332 veluti
625 1289 684 1356 per
700 1265 806 1332 otium
824 1266 987 1333 ordinavit
998 1270 1123 1353 Asiam;
1140 1288 1174 1337 et

99 1366 267 1432 Iliensium
288 1366 405 1432 urbem
424 1368 634 1434 instauratam
660 1370 771 1434 multis
786 1369 953 1435 beneficiis
968 1373 1174 1455 consolatus,

99 1467 240 1533 lssiertati
256 1483 290 1533 et
304 1469 371 1535 suis
390 1469 516 1560 legibus
537 1469 700 1553 reddidit,
722 1471 902 1561 populique
919 1473 1048 1538 romani
1068 1474 1173 1539 socios

100 1584 132 1635 et
148 1569 271 1635 amicos
292 1571 473 1660 appellavit.
493 1572 567 1636 Pari
583 1572 772 1637 liberalitate
789 1572 907 1653 Chios,
925 1572 1093 1654 Rhodios,
1108 1573 1173 1662 Ly·

101 1671 185 1754 cios,
201 1671 384 1769 Magnetas,
401 1689 434 1737 et
446 1673 474 1736 si
487 1674 545 1762 qui
559 1673 613 1737 alii
629 1689 742 1738 contra
754 1696 862 1765 regem
876 1675 994 1738 auxilia
1010 1675 1169 1755 tulerant,

100 1789 155 1837 aut
173 1772 217 1836 ob
245 1773 393 1848 studium
416 1790 625 1838 romanarum
642 1775 782 1865 partium
799 1774 914 1840 acerbe
932 1775 1061 1839 fuerant
1073 1775 1114 1838 ab
1130 1797 1171 1840 eo

102 1874 241 1956 tractati,
252 1875 416 1940 recrearit.
431 1875 582 1964 Reliquas
594 1876 692 1941 urbes
706 1899 820 1942 omnes
832 1926 840 1954 ,
853 1876 1029 1942 distributo
1044 1875 1169 1965 ubique

100 1974 262 2057 exercitu,
285 1977 432 2041 oneravit
450 1976 624 2066 praesidiis,
643 2001 710 2043 non
730 1978 772 2043 ad
792 1984 933 2044 veterem
950 1977 1172 2068 disciplinam,

99 2077 153 2142 sed
171 2079 279 2144 omnis
298 2079 425 2168 generis
441 2079 569 2144 licentia
582 2080 677 2144 militi
691 2079 867 2169 permissa:
882 2095 1037 2169 praeterea
1054 2078 1172 2163 edixit,

100 2194 134 2242 ut
159 2180 348 2268 unicnique
366 2181 511 2272 gregario
540 2180 687 2270 quotidie
713 2180 862 2247 denarios
885 2180 1025 2248 sedecim
1050 2178 1169 2269 hospes

99 2279 274 2368 penderet3
293 2304 484 2371 denamque
499 2281 590 2349 daret
609 2300 642 2349 et
661 2285 740 2376 ipsi,
757 2301 790 2349 et
803 2284 989 2370 sodalibus,
1005 2300 1170 2374 quotquot

99 2403 211 2447 vocare
239 2382 334 2448 militi
359 2383 558 2472 placuisset:
586 2384 837 2452 centurionibus
863 2387 1106 2475 quinquagenas
1133 2385 1166 2448 in

99 2480 183 2547 diem
200 2483 370 2548 drachmas
387 2486 521 2574 praeberi
537 2487 651 2568 jussit,
666 2503 856 2576 vestemque
868 2485 1049 2575 duplicem,
1063 2486 1168 2551 utha·

98 2583 206 2667 beret,
224 2609 289 2674 qua
307 2584 415 2669 domi,
431 2611 561 2675 quaque
577 2587 611 2651 in
628 2587 765 2677 publico
782 2602 939 2651 uteretur.

137 2687 308 2753 XXXVII.
323 2688 373 2752 Ab
387 2688 438 2752 his
451 2687 551 2754 initiis
567 2688 701 2753 urbium
716 2688 793 2754 vitia
808 2688 843 2751 in
859 2687 1033 2752 exercitum
1046 2702 1079 2751 et
1093 2687 1171 2751 hor·

98 2787 182 2874 ridm
202 2805 298 2856 antea
320 2791 437 2855 milites
461 2789 625 2855 fluxerunt
640 2813 649 2854 ε
666 2791 712 2855 ibi
727 2813 787 2879 per
801 2813 927 2854 amoena
950 2790 1022 2855 loca
1043 2789 1078 2854 in
1098 2789 1168 2855 otio

98 2887 216 2974 babiti,
232 2914 360 2974 amare,
383 2908 516 2980 potare,
534 2891 625 2981 signa
642 2891 834 2979 tabulasque
850 2891 951 2978 pictas
970 2905 1003 2953 ct
1017 2911 1091 2954 rasa
1108 2911 1167 2953 cae·

97 2989 156 3056 lata
190 2993 302 3058 mirari
331 2992 532 3074 didicerunt,
555 3015 658 3081 eaque
688 3015 765 3056 mox
788 2991 918 3080 publice
951 2989 1166 3078 privatimque

97 3114 226 3182 rapere,
241 3094 380 3183 spoliare
393 3094 546 3176 delubra,
566 3115 654 3158 sacra
674 3117 711 3158 ac
727 3094 863 3182 profana
881 3090 993 3155 omnia
1007 3089 1164 3179 polluere.

98 3195 239 3261 Idnltum
261 3195 379 3260 deinde
401 3195 567 3286 sanguinis
581 3193 700 3283 passim
719 3193 761 3258 in·
772 3193 845 3256 Asia
862 3194 994 3272 fusum,
1012 3189 1164 3254 urbium·

97 3319 157 3384 que
173 3296 407 3361 nonnullarum
423 3296 540 3361 moenia
556 3294 682 3377 diruta,
693 3317 769 3385 ager
784 3293 991 3359 subhastatus
1007 3307 1072 3373 est,
1088 3291 1166 3380 quia

97 3413 207 3462 contra
235 3398 380 3464 edictum
409 3398 504 3462 Sullae
529 3398 703 3487 praestitam
726 3418 744 3460 a
768 3394 956 3459 Mithridate
981 3392 1163 3457 libertatern

97 3499 194 3564 serris
225 3497 448 3564 defenderant.
479 3500 653 3586 Quotquot
682 3514 791 3562 autem
820 3495 1021 3584 privatorum
1053 3491 1164 3556 civita·

96 3615 221 3683 tumre,
240 3601 401 3691 regiarum
417 3600 559 3691 partium
577 3599 675 3689 paulo
693 3595 877 3687 cupidiores
894 3595 993 3658 fuisse
1012 3590 1164 3656 diceban·

95 3716 166 3783 tur,
186 3725 252 3791 prae
275 3702 398 3768 caeteris
423 3723 533 3792 graves
554 3702 689 3765 mulctas
710 3698 914 3789 pendebant3
932 3693 1064 3785 Ephesii
1087 3708 1162 3758 ante

95 3825 226 3886 omnes,
242 3826 385 3892 quorum
400 3803 561 3893 praecipua
577 3802 707 3867 vesania
727 3823 767 3866 eo
781 3813 993 3890 proruperat,
1008 3811 1047 3860 ut
1065 3795 1162 3858 etiam

94 3901 224 3968 donaria
237 3906 461 3969 Romanorum
476 3927 553 3969 cum
568 3902 711 3967 ludibrio
726 3900 854 3990 templis
870 3899 1088 3965 detraherent.

133 4006 323 4072 XXXVIII.
347 4007 517 4071 Postremo
542 4005 647 4070 missis
670 4005 794 4069 circum
817 4000 956 4091 populos
975 3999 1059 4065 Asiae
1073 3996 1162 4086 ⁴prae·

91 4108 247 4191 conibus,
266 4106 432 4197 Ephesum
447 4107 622 4172 convenire
634 4106 716 4188 jussi
734 4120 811 4170 sunt
826 4102 1006 4193 principes:
1022 4097 1063 4164 ad
1076 4119 1161 4186 qnos

94 4231 111 4274 e
126 4210 281 4276 tribunali
297 4210 384 4274 Sulla
405 4211 503 4275 talem
524 4210 706 4273 orationem
722 4207 839 4272 habuit
852 4228 860 4269 τ
875 4235 888 4260 ι
901 4203 1008 4268 Prima
1023 4199 1163 4265 Romani

127 4404 144 4470 s
158 4397 511 4455 mv1.0=os.vt‚2.-
527 4396 607 4445 strab.
622 4395 666 4445 lib.
677 4397 754 4452 1111,
766 4411 790 4458 p.
804 4393 863 4456 ⁵9⁴·
877 4418 911 4428 -
924 4387 1032 4453 Appisn.
1049 4411 1083 4423 -
1097 4381 1165 4432 Plut.

94 4511 127 4523 -
138 4481 346 4536 &lion-Cutilia.
356 4497 410 4545 cap.
424 4496 462 4530 rr.
