2670 5018
230 728 291 798 IN
322 726 436 795 LOC.
462 728 562 795 LIB.
590 730 738 797 LXXX
769 731 992 804 LIVIANI.
1095 732 1145 828 69

80 851 263 931 lictoribus,
282 850 397 914 Cinnae
411 849 505 930 jussu
520 852 704 940 praemissus
721 875 797 916 cum
814 854 977 940 equitibus
992 857 1144 920 Censori-

82 977 137 1019 nus
162 954 293 1018 invasit.
321 952 372 1017 Ibi
397 975 530 1041 quoque
556 953 677 1018 hortati
699 953 740 1018 ad
763 954 873 1044 fugam
900 956 994 1020 amici
1020 980 1143 1045 equum

80 1055 264 1120 obtulerant
284 1076 292 1117 :
311 1054 383 1134 ille,
407 1076 449 1118 ne
472 1076 602 1145 surgere
622 1055 755 1143 quidem
776 1055 946 1146 dignatus,
973 1080 1084 1124 necem
1108 1061 1143 1123 in
1202 1128 1206 1135 ,

79 1157 143 1245 ipsa
160 1157 268 1220 curuli
283 1156 489 1245 exspectavit.

118 1258 256 1322 XXVII.
280 1258 320 1321 In
348 1258 424 1321 sinu
447 1258 632 1346 interempti
655 1259 786 1322 tabellas
811 1274 953 1348 repertas
976 1281 1044 1322 esse
1067 1282 1142 1325 cum

80 1359 177 1448 signis
194 1357 424 1422 Chaldaeorum
441 1358 569 1440 lerunt,
585 1358 702 1423 illustri
715 1360 757 1425 ad
773 1359 977 1449 coarguenda
989 1361 1066 1425 artis
1079 1361 1147 1425 ina·

80 1461 128 1524 nia
146 1459 357 1526 documento.
375 1461 481 1549 Caput
497 1460 676 1524 cervicibus
693 1461 870 1525 abscissum
890 1461 1089 1525 Censorinus
1103 1460 1144 1525 ad

80 1562 216 1625 Cinnam
233 1560 357 1644 attulit,
374 1583 392 1625 a
407 1583 474 1649 quo
495 1562 631 1625 missum
650 1563 684 1625 in
698 1564 815 1626 Rostra
832 1578 900 1644 est,
915 1579 970 1646 ut,
987 1585 1055 1650 quo
1072 1563 1146 1626 loco

79 1677 173 1751 caput
193 1676 373 1750 spectatum
390 1663 427 1726 P.
438 1662 570 1752 Sulpicii
593 1662 693 1744 foret,
714 1681 965 1753 proponeretur.
980 1666 1068 1729 Tum
1085 1663 1145 1728 de-

79 1786 168 1827 mum
193 1762 305 1827 revelli
330 1778 413 1826 terra
435 1779 533 1850 caput
556 1764 718 1852 potuisse,
743 1764 833 1852 quod
856 1765 945 1829 nulla
969 1781 1149 1855 apparente

79 1885 173 1927 causa
195 1886 235 1927 ex
258 1862 431 1926 simulacro
454 1864 615 1952 Apollinis
640 1866 816 1953 abruptum
843 1865 998 1931 dinante
1019 1867 1144 1948 luerat,

78 1964 205 2046 ferunt3
221 1966 349 2053 expleto
363 1963 485 2029 scilicet
497 1981 617 2030 eventu
631 1966 787 2056 prodigii,
804 1966 895 2055 quod
910 1967 952 2032 ad
967 1990 1065 2031 suurn
1079 1968 1146 2031 exi-

78 2066 158 2130 tium
175 2065 338 2154 pertinere
356 2065 510 2129 Octavius
525 2066 594 2153 ipse
610 2065 809 2155 predixerat.

119 2168 274 2232 XXVIII.
293 2166 496 2231 Consultatio
513 2166 632 2232 deinde
646 2166 770 2232 ducum
785 2167 907 2248 tenuit,
927 2166 1143 2254 quemadmo-

77 2268 156 2333 dum
169 2269 304 2333 victoria
318 2284 505 2352 uterentur,
521 2291 700 2357 pacemque
712 2269 886 2334 firmarent.
900 2269 965 2332 Pro
979 2291 1040 2332 suo
1052 2269 1142 2356 quis·

77 2394 140 2459 que
158 2371 291 2460 ingenio
306 2371 477 2453 censebat;
496 2370 553 2436 sed
567 2394 665 2434 nemo
680 2372 733 2435 vel
745 2371 876 2434 lenitate
893 2370 934 2452 Q.
947 2368 1142 2450 Sertorium,

77 2474 126 2537 vel
145 2473 266 2537 sevitia
286 2474 322 2538 C.
338 2472 477 2536 Marium
499 2472 708 2560 adaequabat:
724 2472 782 2537 sed
803 2473 856 2536 ille
873 2494 934 2536 nec
954 2470 1144 2535 auctoritate

77 2597 132 2663 par
147 2591 216 2639 erat
228 2573 352 2656 Mario,
375 2590 425 2656 et,
448 2574 610 2662 quidquid
627 2574 733 2640 dicere
748 2590 890 2663 poterat,
910 2574 976 2654 jam
997 2596 1016 2636 a
1037 2572 1142 2637 Mario

77 2697 150 2739 cum
169 2697 303 2739 assensu
319 2690 510 2741 caeterorum
526 2675 658 2740 videbat
675 2692 896 2765 occupatum:
915 2698 990 2738 num
1009 2691 1141 2764 rogatus

78 2776 270 2840 sententiam
288 2776 428 2859 Marius,
447 2793 485 2841 ut
498 2793 566 2841 erat
580 2777 666 2842 inter
680 2779 760 2841 iram
776 2778 916 2841 toleratas
935 2778 1091 2859 fortunae,
1109 2793 1143 2840 et

79 2877 217 2942 letitiam
232 2877 426 2961 emendatae,
443 2901 559 2967 parum
575 2880 673 2944 animi
688 2902 840 2968 compos,
856 2880 900 2943 ita
914 2879 1029 2966 coepit:

119 2981 243 3044 XXIX.
262 2980 452 3068 ·Siquidem
469 2980 563 3045 eade
580 3003 615 3045 re
627 2980 827 3059 deliberatis,
844 2981 879 3043 L.
890 2978 994 3043 Cinna
1009 2978 1141 3057 consul,

81 3081 270 3169 «caeterique
283 3097 464 3164 senatores,
479 3083 639 3172 legatique
650 3099 682 3146 et
695 3081 852 3170 prefecti,
867 3078 1142 3168 quemadmodum

80 3181 133 3244 «in
155 3184 343 3270 praesentia,
361 3181 451 3270 quod
468 3183 583 3260 vultis,
607 3182 797 3264 obtineatis,
822 3204 894 3245 mea
910 3180 1069 3245 sententia
1090 3202 1141 3244 res

79 3304 168 3345 «non
188 3281 336 3371 indiget:
359 3305 434 3346 narn
456 3283 653 3347 acerbissimi
674 3284 772 3372 paulo
795 3300 870 3348 ante
889 3282 1011 3347 inimici
1026 3281 1141 3359 vestri,

80 3381 187 3446 ·ultro
205 3382 299 3446 vobis
321 3381 462 3447 reditum
481 3385 514 3447 in
531 3384 685 3472 patriam,
704 3383 845 3448 reditum
861 3384 902 3449 ad
922 3385 1081 3464 honores,
1101 3382 1142 3447 ad

81 3483 282 3565 ·lacultates,
298 3483 478 3573 principem
493 3485 527 3548 in
542 3484 669 3549 civitate
685 3485 811 3566 locum,
825 3484 953 3573 legum,
967 3481 1008 3546 de
1022 3481 1142 3569 quibus

80 3581 299 3648 ·decertatum
310 3600 374 3665 est,
386 3584 559 3667 lationem,
571 3602 604 3650 et
614 3586 673 3649 alia
686 3586 751 3650 hoc
763 3607 865 3674 genus
878 3583 1051 3648 liberaliter
1064 3581 1143 3646 offe·

81 3699 187 3749 «runt.
210 3685 267 3750 sin
288 3708 386 3766 vero,
408 3708 475 3749 non
494 3686 574 3775 quid
595 3686 640 3750 illi
659 3686 753 3750 vobis
771 3685 928 3764 offerant,
951 3682 1141 3763 intueminI,

82 3784 156 3849 «sed
171 3786 235 3851 hoc
250 3787 377 3874 potius,
396 3786 673 3874 quemadmodum
689 3785 730 3851 ad
746 3809 801 3868 ea,
818 3807 889 3873 quae
905 3783 1040 3873 cupiatis
1055 3782 1158 3847 obti··

82 3909 194 3970 «nere,
211 3887 294 3951 nihil
314 3889 356 3953 sit
377 3889 508 3954 illorum
527 3912 690 3953 consensu
707 3903 763 3953 aut
777 3886 936 3952 beneficio
954 3909 1055 3975 opus;
1071 3908 1141 3949 ma·

81 4011 242 4077 «gnopere
263 3990 419 4055 interesse
434 3991 591 4073 arbitror,
607 4006 662 4071 ut,
679 4011 751 4077 quae
770 4011 823 4053 me
840 3989 938 4068 hujus
956 3985 1141 4074 reipublice

81 4112 166 4153 ·non
184 4089 320 4173 rudem,
334 4092 391 4156 sed
413 4109 505 4157 aetate
524 4116 561 4156 ac
582 4114 644 4156 usu
660 4091 745 4154 inter
765 4090 905 4179 primos,
924 4109 975 4154 res
993 4087 1070 4175 ipsae
1086 4084 1142 4151 do·

82 4208 257 4274 ·cuerunt,
271 4192 337 4258 hoc
355 4210 502 4285 tempore
517 4216 584 4257 non
601 4192 814 4259 dissimulem.
1047 4182 1050 4187 ¹

113 4403 130 4470 s
142 4408 237 4457 mn
245 4408 311 4457 vett.
324 4435 358 4445 -
367 4410 432 4458 Plut.
441 4437 476 4445 -
487 4409 551 4456 Flor.
564 4411 615 4468 Ill,
625 4425 667 4458 ar.
680 4435 714 4446 ·-
724 4408 778 4457 Vrl.
793 4409 860 4456 Max.
873 4410 899 4467 1,
909 4407 934 4456 6.
944 4433 978 4444 -
988 4406 1039 4456 Jnl.
1049 4406 1141 4468 Obseq.

82 4514 115 4525 -
128 4487 145 4555 5
156 4491 264 4541 xxvn.
279 4491 383 4541 Diodor.
396 4492 482 4556 Eclog.
496 4492 539 4540 lib.
551 4493 698 4542 XXXVIII.
710 4520 745 4530 -
756 4493 820 4557 Aug.
834 4492 864 4540 de
875 4492 930 4541 Cir.
944 4489 1002 4549 Ilei,
1017 4491 1068 4548 111,
1080 4504 1122 4550 ²7·
