2670 5018
321 682 376 751 ru
405 682 519 750 roc.
545 681 639 750 Lm.
666 680 756 751 cxl
784 681 998 751 mvmur.
1122 679 1185 776 73¹

135 806 176 869 lia
188 804 287 886 facta,
304 804 424 892 quibus
437 802 620 890 superiores
634 802 752 866 iuliani
769 801 913 867 fuerunt.
935 780 1107 866 Interlraeo
1125 804 1194 867 Cte-

134 929 203 986 sar,
219 907 311 994 plura
327 926 459 992 quoque
478 902 628 968 tentanda
643 920 750 984 ratus,
767 902 903 965 Fusium
918 902 1073 966 Calenum
1087 900 1193 982 misit,

134 1008 207 1094 qui,
223 1007 333 1070 Cassio
354 1023 386 1070 et
406 1005 524 1070 Sabino
537 1003 714 1086 adjunctis,
732 1004 860 1092 longius
873 1001 1132 1091 progrederetur.
1148 1003 1194 1065 Is·

134 1132 220 1196 que,
239 1106 389 1172 Phocidis
405 1121 438 1170 et
454 1106 581 1169 Iloeotiae
598 1104 791 1193 quibusdam
808 1104 944 1167 urbibus
960 1103 1127 1165 voluntate
1144 1101 1194 1164 irr-

132 1209 308 1272 colentium
339 1208 496 1295 receptis,
522 1206 717 1294 quibusdam
746 1205 956 1296 expugnatis,
981 1205 1015 1267 in
1042 1203 1194 1267 Achaiam

135 1325 259 1389 tamen,
274 1310 399 1373 Isthmo
411 1332 429 1372 a
442 1308 645 1395 Pompeianis
658 1308 802 1387 munito,
816 1323 983 1395 penetrare
996 1328 1063 1369 non
1075 1305 1192 1392 potuit.

132 1408 271 1472 Rutilius
288 1411 399 1497 Lupus
420 1423 491 1472 tum
508 1408 677 1473 obtinebat
691 1410 862 1489 Achaiam,
880 1430 1045 1473 successor
1060 1430 1077 1470 a
1095 1406 1195 1469 Pom·

133 1511 207 1598 peio
230 1512 347 1575 missus
370 1511 475 1598 Appio
500 1509 653 1587 Claudio,
676 1512 733 1598 qui
754 1533 877 1598 nuper,
900 1509 1021 1573 oraculi
1038 1507 1193 1595 deceptus

134 1613 286 1702 ambage,
310 1636 415 1700 quum
439 1612 500 1676 sibi
522 1613 592 1677 laeta
617 1634 754 1700 quoeque
777 1611 1001 1701 polliceretur,
1025 1610 1092 1673 l'ato
1113 1630 1194 1672 con·

135 1730 281 1778 cesserat.

177 1814 294 1877 XLIII.
319 1814 448 1901 Quippe
468 1813 590 1894 homo,
613 1814 865 1903 psychomantia
886 1828 919 1877 et
939 1812 1081 1901 auguriis
1103 1810 1195 1876 dedi·

135 1932 203 1996 tus,
224 1915 316 1995 cujus
333 1917 365 1978 in
381 1915 527 1979 vanitatis
543 1914 652 1979 studio
666 1915 806 1991 multum
822 1936 927 2002 operm
939 1930 1108 2002 posuerat,
1127 1936 1195 1999 quo

133 2014 254 2079 scilicet
271 2015 405 2079 certiore
417 2014 624 2102 praedictione
633 2016 745 2080 futura
755 2015 906 2096 disceret,
926 2014 1064 2079 desitum
1078 2014 1195 2079 amul-

134 2116 173 2179 tis
186 2116 279 2179 annis
294 2116 421 2180 consuli
439 2115 604 2179 oraculum
618 2116 750 2203 Delphis
762 2115 955 2180 sollicitaret.
973 2114 1024 2179 Ibi
1041 2136 1196 2201 responsa

133 2217 311 2303 antiquitus
324 2239 381 2305 per
392 2216 548 2303 virginem
563 2215 798 2297 reddebantur,
810 2239 900 2304 quae,
912 2232 1043 2304 recepto
1054 2215 1196 2304 maligno

134 2318 268 2404 spiritu,
286 2340 404 2405 magno
422 2317 495 2380 vitae
509 2317 651 2404 periculo
663 2318 773 2396 jactari
786 2317 871 2381 inter
885 2318 948 2381 fata
961 2314 1104 2380 canenda
1116 2339 1197 2379 con·

134 2434 291 2483 sueverat.
312 2419 415 2506 Igitur
437 2433 470 2481 et
492 2417 627 2481 Phoebas
649 2416 716 2504 (sic
738 2419 895 2481 vocabant
918 2415 1080 2481 fatidicam
1101 2417 1197 2505 virgi·

134 2519 230 2607 nem)
249 2519 291 2584 ad
309 2517 452 2607 tripodas
467 2517 555 2583 adire
569 2535 736 2600 metuens,
758 2519 920 2584 simulavit
934 2541 1147 2607 responsum,
1163 2534 1205 2583 et

133 2622 280 2709 Appius,
301 2642 410 2684 rerum
433 2619 568 2683 istarum
591 2621 724 2684 minime
746 2620 853 2703 rudis,
877 2622 1009 2711 agnovit
1027 2619 1195 2703 fraudem,

133 2722 333 2809 imperioque
361 2720 501 2784 inhibito
527 2723 633 2811 coegit
658 2723 691 2786 in
718 2745 851 2810 specum
874 2722 1079 2788 descendere.
1108 2724 1195 2786 Tum

132 2845 209 2886 vero
226 2845 418 2910 responsum
434 2846 452 2885 a
470 2822 598 2887 furente
612 2823 777 2889 redditur:
794 2856 807 2881 s
818 2825 907 2890 Nihil
925 2825 966 2890 ad
984 2842 1016 2890 te
1031 2826 1111 2905 hoc,
1129 2826 1197 2889 Ilo·

132 2947 265 3005 «mane,
283 2924 424 2988 bellum:
442 2923 571 2987 Euboeae
587 2925 671 2988 Caela
689 2926 850 2990 obtinebis
861 2958 884 2992 ν.
903 2927 955 2991 Sic
972 2943 1043 2990 tum
1061 2926 1198 3013 appella·

90 3054 94 3059 ·
132 3025 228 3087 batur
248 3024 339 3087 sinus
360 3025 544 3105 Euboicus,
563 3042 723 3111 quatenus
743 3029 819 3091 hinc
832 3027 873 3092 ad
885 3028 1126 3092 Rhamnuntcm
1138 3027 1196 3090 At·

132 3127 220 3204 tiore,
233 3122 310 3188 indc
326 3127 495 3211 Carystum
509 3125 639 3189 Euboeae
650 3127 808 3215 oppidum
821 3130 971 3216 pertinet.

175 3225 289 3289 XLIV.
313 3226 404 3288 Hanc
418 3224 456 3319 in
474 3225 640 3312 regionem
660 3249 763 3314 quum
783 3251 817 3292 se
834 3229 1033 3293 condidisset
1052 3228 1196 3317 Appius,

132 3325 222 3389 aliter
240 3341 338 3411 atquc
359 3324 611 3407 existimaverat,
639 3330 756 3394 morbo
776 3331 903 3395 solutus
924 3330 1001 3394 belli
1020 3329 1193 3395 discrimen
1235 3362 1241 3369 ·

132 3426 240 3490 evasit.
264 3427 352 3489 Dum
376 3425 436 3487 ista
458 3425 558 3506 liunt,
581 3450 697 3516 resque
718 3432 812 3496 variis
832 3433 910 3497 locis
932 3432 1030 3496 armis
1051 3432 1195 3520 geritur,

132 3528 237 3590 Caesar
255 3549 460 3614 nequaquam
477 3528 609 3592 consilia
626 3532 712 3619 pacis
727 3534 863 3598 omnino
881 3533 1093 3622 deposuerat,
1113 3533 1194 3620 quin

131 3629 244 3692 saltem
259 3628 301 3691 ad
318 3629 396 3691 alios
413 3645 562 3716 potentes
576 3631 664 3695 viros
680 3634 839 3717 mitteret,
853 3651 1013 3722 quatenus
1026 3633 1067 3698 de
1080 3636 1197 3699 volun·

131 3744 195 3794 tate
212 3730 357 3816 Pompeii
376 3729 609 3817 desperaverat.
621 3733 804 3822 Scipionem
820 3735 952 3824 quidem
967 3758 1027 3824 per
1042 3736 1194 3801 Clodium

131 3831 301 3919 utriusque
319 3832 503 3896 familiarem
526 3836 676 3916 tentavit3
695 3837 869 3901 Lentulum
888 3837 1003 3926 prioris
1021 3837 1097 3901 anni
1114 3859 1194 3902 con·

131 3932 250 4015 sulem,
267 3955 325 4019 per
341 3934 529 3998 Cornelium
548 3935 699 4018 Balbum,
715 3939 770 4025 qui
788 3961 912 4003 summa
929 3937 1061 4003 audacia
1077 3939 1194 4027 saepius

131 4049 232 4099 castra
258 4034 412 4122 Pompeii,
428 4050 476 4098 est
498 4036 682 4125 Ingressus,
707 4055 745 4102 ut
769 4062 933 4103 sermones
956 4063 1030 4104 curn
1055 4038 1194 4103 Lentulo

132 4135 311 4215 conferret,
328 4135 524 4217 certissimo,
538 4137 565 4200 si
579 4136 893 4225 deprehenderetur,
910 4141 1017 4204 exitio.
1034 4138 1097 4204 Sed
1112 4160 1194 4201 neu-

166 4359 270 4425 §XLIL
281 4360 337 4408 nto.
349 4387 382 4398 -
390 4362 452 4409 Cas.
461 4387 497 4397 -
509 4359 525 4425 S
536 4362 627 4409 mn.
639 4360 691 4408 Cic.
704 4359 735 4408 de
748 4361 832 4409 Diviu·
843 4364 869 4419 1.
882 4363 929 4420 58,
939 4374 964 4410 et
977 4362 1007 4409 de
1017 4363 1089 4426 legg.
1099 4362 1136 4418 11,
1150 4360 1191 4413 13·

131 4445 229 4495 -val,
240 4446 345 4504 urst,
355 4446 379 4493 8.
390 4471 426 4484 -
437 4445 662 4507 Oroe.lx,15.-
673 4444 762 4494 Lanu.
782 4470 816 4481 -
830 4445 996 4503 Linxxxl,
1010 4452 1051 4503 ⁴7·
