2670 5018
344 793 400 861 ln
428 792 659 862 nocam.
687 793 775 861 cm
807 793 1021 863 mvmm.
1146 745 1218 884 629

151 914 198 975 fas
218 928 308 993 erat,
334 911 572 976 Terminalibus
593 911 659 991 jam
681 913 827 1001 peractis.
851 911 953 976 Ideo
978 934 1110 1000 quoque
1131 935 1219 976 anno

150 1013 219 1077 ficri
242 1014 343 1077 Curio
363 1036 465 1101 quum
484 1014 681 1101 postularet,
705 1038 771 1078 non
792 1015 945 1103 ignorans
965 1014 1106 1079 alienum
1128 1037 1217 1097 esse,
1268 1075 1272 1085 ,

150 1137 225 1177 nam
247 1130 279 1177 et
300 1115 369 1202 ipse
393 1130 461 1178 erat
479 1136 519 1177 eo
537 1114 717 1179 sacerdotio
738 1116 909 1204 praeditus,
928 1117 1034 1180 caeteri
1047 1115 1217 1204 pontifices

149 1217 377 1280 reclamabant.
402 1215 506 1303 Igitur
528 1237 631 1302 quum
657 1215 797 1279 obtineri
820 1240 886 1280 non
907 1238 1002 1304 posse
1022 1215 1062 1280 de
1085 1218 1220 1281 interca·

148 1317 285 1398 latione,
300 1339 406 1404 neque
420 1316 516 1380 etiam
533 1315 598 1379 hoc
611 1316 756 1398 volebat3
775 1319 866 1404 quasi
882 1341 941 1406 per
956 1318 1037 1382 iram
1048 1367 1057 1398 ,
1070 1341 1112 1382 ne
1125 1336 1217 1382 caete·

148 1441 257 1482 rarum
270 1418 403 1506 quidem
418 1439 526 1480 rerum
538 1416 717 1505 quidquam
728 1419 780 1507 agi
790 1441 901 1507 pessus
913 1435 972 1482 est.
985 1419 1063 1482 Mox
1074 1419 1216 1507 apertius

147 1543 208 1608 pro
225 1522 348 1584 Caesare
367 1520 457 1606 loqui
475 1519 589 1606 coepit,
606 1535 639 1583 et
659 1542 725 1606 quo
741 1520 875 1608 agitaret
891 1520 1082 1607 optimates,
1099 1522 1216 1586 multas

144 1621 263 1700 jactare
277 1620 381 1710 leges3
400 1643 467 1683 non
482 1618 573 1707 quod
586 1620 721 1707 perferri
735 1643 830 1708 posse
844 1638 1005 1707 speraret,
1024 1621 1082 1686 sed
1099 1622 1216 1687 obten-

146 1724 196 1786 tui
223 1723 397 1786 habiturus
424 1720 465 1785 ad
493 1721 759 1804 intercessiones,
782 1745 861 1811 quas
880 1723 1022 1810 parabat.
1041 1723 1218 1788 Amname-
1304 1779 1308 1788 ,

145 1826 227 1887 riam
247 1824 413 1911 inprimis,
436 1844 500 1909 qua
524 1844 680 1887 numerus
702 1821 916 1887 definiebatur
934 1823 1160 1888 vehiculorum
1184 1839 1216 1887 et

146 1926 302 1989 comitum
326 1926 387 1988 iter
408 1923 618 2004 facientibus,
635 1940 810 2012 praetextu,
830 1926 966 2013 opinor,
985 1925 1139 1990 clodianae
1158 1948 1216 1989 ne·

93 2111 96 2116 ¹
145 2027 208 2108 cis,
222 2028 349 2115 aliaque
362 2025 401 2089 de
417 2024 603 2088 muniendis
614 2024 862 2112 sternendisque
876 2026 935 2089 viis
946 2027 1215 2107 continebantur3

144 2144 247 2216 utque
264 2152 301 2193 ea
319 2128 442 2193 curatio
458 2127 518 2191 soli
537 2126 569 2188 in
590 2126 852 2213 quinquennium
870 2125 1020 2208 daretur,
1037 2128 1171 2192 ferebat.

188 2230 277 2295 VIII.
307 2230 407 2317 Atqui
438 2229 503 2292 hoc
528 2243 625 2316 caput
654 2244 768 2291 contra
797 2228 952 2291 Liciniam
981 2227 1214 2316 AEbutiamque

143 2332 228 2420 leges
247 2354 391 2421 pugnare
408 2353 475 2393 non
495 2330 681 2419 ignorabat,
698 2328 839 2416 ideoque
852 2330 1003 2412 Rullum,
1020 2330 1158 2417 Agrariae
1172 2330 1215 2393 le·

142 2433 191 2522 gis
204 2449 387 2513 auctorem,
403 2454 506 2519 quum
519 2430 634 2494 similia
647 2431 1007 2517 peteret,vehen1enter
1018 2431 1212 2519 exagitatum

142 2536 259 2616 fuissc;
286 2534 343 2601 sed
366 2535 517 2599 consulto
538 2533 782 2622 promulgabat,
800 2532 891 2620 quod
910 2556 926 2595 a
943 2531 1147 2619 Pompeianis
1161 2554 1213 2594 re·

142 2637 359 2724 prehensum,
373 2635 493 2714 justam
513 2634 574 2698 sibi
594 2656 722 2698 causam
738 2633 807 2697 istis
821 2633 969 2720 partibus
984 2632 1142 2697 irascendi
1159 2633 1215 2698 de·

140 2735 226 2800 disse
243 2736 413 2800 videretur.
433 2737 545 2818 Quum
564 2735 650 2799 inter
663 2735 732 2798 haec
741 2733 885 2798 kalendae
896 2735 1018 2799 martiae
1029 2735 1212 2818 venissent,

141 2838 261 2925 quibus
285 2860 324 2902 ex
349 2837 631 2901 senatusconsulto
655 2836 767 2900 referri
791 2835 831 2900 de
859 2836 1063 2901 successione
1082 2837 1212 2903 Caesaris

140 2938 331 3026 oportebat,
357 2939 520 3025 Gaiusque
542 2938 715 3002 Marcellus
743 2961 780 3002 ea
810 2937 850 3001 de
874 2963 910 3002 re
938 2938 1036 3003 verba
1063 2939 1209 3022 fecisset3

138 3039 301 3126 plerisque
316 3040 564 3104 assentientibus
581 3041 703 3128 collega
720 3040 864 3104 Marcelli
878 3039 1009 3104 Paullus
1022 3041 1129 3104 siluit:
1148 3043 1213 3106 Cu·

139 3139 206 3218 rio,
219 3140 348 3203 laudato
364 3140 506 3204 Marcelli
525 3142 652 3220 animo,
668 3140 851 3204 addendum
863 3143 1031 3222 monebat,
1048 3156 1085 3205 ut
1086 3144 1212 3230 pariter

139 3241 303 3328 Pompeius
316 3242 496 3327 provincias
511 3255 540 3303 et
555 3246 711 3305 exercitus
724 3264 794 3306 suos
807 3242 986 3306 dimitteret.

181 3342 239 3406 IX.
258 3342 384 3405 Sciebat
398 3342 461 3404 hoc
474 3341 607 3404 minime
621 3341 784 3406 Facturum
797 3342 992 3429 Pompeium
1008 3343 1130 3422 Curio;
1152 3342 1209 3406 sed

138 3461 330 3533 praetextum
348 3444 528 3531 quaerebat,
549 3466 608 3530 per
631 3466 729 3532 quem
753 3446 874 3524 Caesar,
892 3467 964 3531 quae
981 3443 1137 3525 babebat,
1157 3467 1211 3508 ex·

137 3547 278 3610 cusatius
304 3546 466 3609 retineret.
496 3546 601 3635 Igitur
618 3547 761 3633 iniquam
778 3569 845 3609 rem
856 3545 1020 3634 postulare
1044 3544 1209 3611 Curionem

136 3646 246 3711 Patres
271 3647 440 3728 dicebant,
469 3646 576 3734 Scipio
597 3647 791 3733 praesertim,
815 3647 925 3734 quiet
949 3669 1055 3734 nuper
1076 3663 1208 3721 senten·

136 3747 213 3810 tiam
231 3748 375 3829 dixerat,
398 3771 437 3810 ne
456 3747 537 3836 quid
552 3748 742 3836 conjunctim
765 3747 951 3833 refirmatum
970 3748 1061 3836 quod
1077 3765 1208 3839 tempus

134 3847 261 3935 imperii
283 3850 439 3940 Pompeio
462 3850 612 3915 nondum
629 3850 758 3917 exierat.
779 3853 901 3915 Contra
917 3851 1032 3932 Curio,
1048 3875 1205 3917 summam

134 3951 355 4037 rempublicam
371 3954 448 4038 agi,
467 3952 723 4032 vociferabatur3
743 3974 841 4041 neque
851 3966 910 4016 out
916 3975 1030 4040 pacem
1042 3967 1101 4017 aut
1115 3952 1206 4017 libers

131 4060 230 4114 tatem
247 4054 280 4114 in
299 4065 366 4116 tuto
372 4052 469 4139 sore,
489 4056 552 4116 nisi
565 4069 623 4119 aut
641 4054 735 4118 ambo
752 4053 940 4142 deponerent
954 4057 1132 4143 inperium,
1146 4071 1208 4130 ⁴cut.

132 4152 227 4216 ambo
238 4155 425 4218 retinerent:
438 4178 513 4219 nam
524 4169 556 4218 et
564 4157 607 4220 ab
618 4156 783 4221 inermibus
793 4154 1029 4244 nibilpericuli,
1041 4171 1073 4220 et
1083 4158 1111 4219 si
1123 4167 1206 4220 mes

165 4377 252 4441 §VIL
264 4379 321 4428 Dio.
335 4408 370 4418 -
386 4381 438 4430 Cic.
449 4381 481 4430 ad
491 4382 654 4442 Familvlll,
666 4383 691 4432 6.
706 4411 740 4421 -
754 4386 865 4450 AppIan.
882 4410 916 4422 -
930 4383 1029 4449 svnt.
1041 4383 1094 4432 cic.
1109 4381 1140 4428 tle
1152 4381 1201 4444 leg.

129 4457 218 4524 Agros.
231 4463 270 4520 ll,
284 4464 308 4511 8.
321 4491 356 4501 -
369 4465 480 4530 Appiae.
495 4493 529 4503 -
541 4467 595 4518 cic.
605 4467 637 4516 ad
651 4468 820 4527 ramitvttt,
835 4469 885 4517 θοι
898 4485 923 4532 9.
935 4495 968 4506 --
981 4468 1090 4517 riua-
1099 4466 1157 4514 Dio.
1169 4491 1203 4502 -

130 4540 147 4607 s
160 4545 206 4594 11.
219 4545 326 4611 Appiae.
336 4575 370 4587 -
379 4547 438 4599 nto.
450 4577 484 4588 -
496 4549 561 4602 Plat.
571 4578 606 4590 -
616 4551 670 4602 Cic.
679 4551 712 4601 ad
723 4551 807 4602 tamti.
815 4553 892 4613 vlu,
908 4567 934 4617 9.
