2670 5018
368 37 471 121 pacti,
491 56 548 121 per
568 32 724 119 primores
741 33 933 97 centuriouu

282 130 287 139 ’
366 136 456 223 signa
472 134 513 197 ad
529 158 606 197 euru
620 133 828 197 translaturos
844 155 922 197 esse.

411 235 562 301 XXVIII.
579 236 689 317 Quum
703 234 768 316 jam
785 233 933 296 omnium

367 338 553 418 haberetur,
568 354 722 424 tanquam
737 358 803 398 una
816 358 855 398 ex
868 334 934 398 duo

367 437 458 501 mixti
478 438 612 519 milites,
636 452 672 500 ut
691 437 829 524 quisque
847 458 923 499 suos

366 536 495 624 sequuti
510 535 654 616 fuerant,
675 536 776 599 multa
796 535 903 599 laetitia
915 560 937 598 e

366 637 513 701 brabant.
534 637 591 700 His
610 637 707 700 rebus
724 634 859 717 auditis,
873 636 939 699 An.

366 754 589 826 comparatus,
614 754 670 819 ut,
688 735 849 825 quidquid
867 737 940 801 acci«

363 840 473 903 animo
488 837 664 904 videretur.
682 841 724 901 At
743 838 887 902 Petreius
907 838 941 901 fa

363 954 397 1003 et
413 939 561 1026 praitoria
576 939 728 1021 cohorte,
745 954 778 1002 et
792 932 902 1027 pau'cis
918 940 942 1003 b

364 1038 419 1101 riis
433 1038 516 1119 auis,
529 1040 639 1103 subito
652 1038 795 1121 advolat,
812 1058 845 1104 et
860 1057 943 1129 quot-

365 1138 503 1203 militum
517 1154 640 1227 potest,
656 1140 845 1222 obtruncat3
856 1158 944 1207 tanto

363 1264 382 1303 e
404 1241 489 1321 suis,
512 1241 570 1329 qui
594 1240 731 1306 retinere
756 1244 914 1331 impetum
940 1276 945 1307 ι

364 1341 489 1407 Deinde
511 1341 590 1406 flens
610 1342 760 1407 circumit
780 1346 945 1433 manipulo

362 1444 528 1509 absentem
541 1443 690 1509 deserant
704 1444 926 1533 prodantque,
940 1474 947 1509 ι

362 1549 493 1612 mutatis
514 1546 650 1627 animis,
671 1546 705 1609 in
727 1550 948 1634 praetoriumc

361 1649 503 1737 concipit
524 1649 691 1729 Petreius,
706 1672 738 1712 se
759 1653 930 1715 exercr'trun

360 1772 457 1837 noque
469 1748 682 1829 deserturum,
705 1772 804 1837 neque
822 1752 882 1815 sibi
895 1776 950 1841 sept

359 1864 545 1941 capturum:
560 1852 594 1915 in
607 1851 675 1915 haec
688 1852 785 1915 verba
798 1852 884 1931 jurat
899 1854 951 1942 ips<

360 1952 393 2015 in
417 1953 552 2034 oadem;
579 1953 702 2017 tribuni
729 1954 953 2042 centurioneoq

360 2071 517 2139 quuntul'.

403 2156 510 2196 ww
546 2156 658 2190 t..t:.-:
810 2158 818 2180 ι
896 2158 904 2170 ·
