2670 5018
64 752 112 823 90
223 732 290 797 Jo.
318 730 672 801 rnnrnsnsnn
705 729 959 803 snrrtsn.

64 878 76 900 «
87 850 174 912 mina
186 851 294 938 praelio
309 851 419 938 fregit3
433 850 550 916 deinde
561 876 630 916 rem
644 853 754 917 multis
768 854 909 918 millibus
923 855 1121 943 improbam,

64 981 77 1003 ιι
88 974 172 1014 unus
188 952 321 1014 consilio
333 954 480 1039 perfecit,
497 970 536 1018 ut
549 956 697 1020 universa
712 956 844 1044 Europa
858 956 1002 1020 maximis
1015 955 1123 1024 adhuc

66 1053 208 1116 «viribus
227 1053 398 1119 subnisum
421 1057 601 1144 expelleret.
620 1057 747 1120 Theseo
765 1078 843 1120 vero
862 1055 944 1119 duce
959 1056 1121 1120 amazoni·

64 1184 76 1205 ιι
86 1177 137 1216 cas
148 1178 287 1243 pugnas,
303 1173 334 1219 et
343 1156 502 1245 quidquid
513 1159 554 1222 ab
564 1146 604 1222 eo
616 1158 713 1223 heroe
727 1159 848 1223 Iactum
862 1173 926 1241 est,
943 1181 1010 1222 non
1022 1159 1123 1222 modo

65 1272 179 1318 «vetus
202 1258 357 1321 memoria
380 1259 540 1346 loquitur,
564 1258 621 1323 sed
644 1259 761 1347 passim
782 1258 941 1323 nobilium
963 1256 1122 1323 artificum

65 1388 77 1410 ιι
87 1379 184 1443 opera
199 1356 432 1423 demonstrant.

107 1459 290 1523 XXXVIII.
302 1491 314 1514 ι
324 1461 372 1524 Ne
385 1461 451 1542 jam
460 1461 678 1550 Thrasybulos
687 1460 795 1539 vobis,
809 1475 842 1522 et
855 1460 1007 1524 Cononas
1022 1458 1124 1523 addu-

64 1588 75 1611 ιι
87 1581 214 1639 camus,
227 1575 259 1622 et
268 1562 467 1649 Cynaegirus,
479 1578 511 1625 et
520 1584 651 1625 omnem
662 1561 748 1625 illam
761 1561 1012 1627 clarissimorum
1025 1561 1124 1649 impe·

64 1691 76 1714 «
86 1677 247 1742 natorum,
266 1663 516 1728 I0rtissim0rum
524 1664 669 1728 virorum
683 1685 833 1743 manum,
848 1661 1002 1725 Periclem
1015 1676 1123 1724 tamen

65 1794 76 1816 ιι
87 1761 244 1826 indictum
260 1764 347 1828 abire
361 1770 427 1828 non
443 1765 593 1846 sinimus,
609 1780 647 1828 ut
659 1763 755 1827 simul
763 1763 915 1826 virtutem
928 1753 1012 1842 ejus,
1028 1759 1124 1824 simul

64 1896 76 1916 ιι
87 1863 231 1927 studium
241 1866 330 1929 urbis
340 1882 457 1931 oostrae
471 1867 504 1928 in
518 1867 637 1929 virtute
648 1863 838 1929 honoranda
852 1861 1027 1952 prodamus
1038 1884 1046 1925 :
1059 1878 1126 1926 tan·

63 1995 76 2017 ι
87 1982 140 2028 tus
160 1967 247 2028 eninr
268 1967 320 2030 ille
336 1969 385 2030 vir
403 1969 480 2048 fuit,
499 1985 536 2031 ut
557 1990 661 2030 novus
678 1967 707 2029 ei
723 1966 831 2030 honor
845 1966 993 2029 decretus
1009 1956 1140 2042 fuerit,

65 2097 77 2119 ι
89 2065 218 2129 duobus
232 2070 385 2132 connexis
396 2071 474 2133 oleae
485 2069 616 2133 ramulis
631 2068 734 2157 capite
748 2068 871 2148 cinct03
883 2066 1125 2155 probaruntque

66 2184 122 2231 «et
144 2192 231 2249 rem,
256 2187 289 2234 ct
311 2187 458 2236 auctores
482 2171 625 2235 universi
647 2171 782 2258 populi;
804 2187 902 2256 atque
926 2165 1002 2232 inde
1025 2167 1125 2231 claros

66 2270 174 2333 “viros
193 2272 371 2351 coronandi
394 2272 599 2337 consuetudo
620 2289 708 2352 orta,
729 2271 901 2356 statimque
918 2269 1046 2358 vulgata
1067 2283 1124 2332 est.

69 2372 203 2458 «Neque
215 2372 431 2439 transeundus
446 2373 593 2437 Phocion
608 2389 673 2452 est,
690 2372 763 2434 licet
776 2386 849 2434 setas
861 2369 929 2448 ejus
942 2369 976 2431 in
988 2365 1126 2454 Philippi

65 2488 120 2535 «et
137 2474 307 2537 Alexandri
325 2491 470 2562 tempora
486 2473 613 2555 incidit,
632 2497 775 2562 quorum
792 2472 935 2560 potentia
951 2486 983 2536 et
996 2471 1126 2533 fortuna

67 2596 293 2636 «summorum
306 2575 452 2637 virorum
467 2575 641 2639 obscurare
657 2576 775 2639 famam
792 2573 960 2662 potuisset.

112 2674 265 2735 XXXIX.
281 2705 293 2726 ιι
304 2674 372 2737 Nee
393 2692 501 2739 tamen
524 2676 568 2739 illi
594 2677 639 2740 sic
657 2675 785 2743 officere
807 2675 931 2738 nomini
952 2672 1127 2737 Phocionis

68 2790 287 2860 «potuerunt,
315 2777 394 2862 quio
421 2794 591 2841 strenuum
617 2778 742 2859 virum,
771 2777 999 2864 optimumque
1024 2774 1128 2837 civem

68 2876 189 2937 «fuisse
207 2876 363 2958 sciamus3
388 2880 461 2966 qui,
479 2902 582 2966 quum
604 2879 792 2967 quadragies
814 2871 985 2964 quinqhies
1005 2875 1128 2940 exerci-

67 2991 159 3039 «tum
178 2975 324 3058 duxerit,
344 3001 471 3066 semper
492 2981 607 3045 absens
626 2983 745 3044 electus
763 2994 898 3065 praetor,
917 2994 1025 3040 tamen
1044 2975 1128 3039 iute-

68 3108 79 3132 ιι
90 3078 203 3166 gnitate
217 3079 305 3160 vitae,
322 3080 532 3169 civilibusque
552 3082 675 3146 artibus
695 3079 792 3146 hodie
816 3096 864 3143 est
886 3079 1006 3142 notior.
1023 3080 1129 3163 Atque

68 3212 81 3235 «
92 3204 128 3242 ea
141 3181 282 3244 hominis
298 3184 419 3246 mentio
434 3185 570 3272 publicae
583 3183 686 3267 laudis
702 3182 876 3262 admonet,
896 3201 999 3267 quum
1018 3176 1130 3241 eadem

69 3297 123 3344 «et
138 3282 272 3344 civitatis
290 3302 406 3348 nostrae
422 3286 569 3350 fueritin
586 3301 727 3372 utroque
744 3305 860 3373 genere
876 3279 1076 3370 praestantia,
1094 3293 1131 3342 ut

69 3382 338 3471 «ingeniosissimi
354 3387 503 3453 homines
525 3386 705 3473 disputent,
722 3384 840 3448 belline
857 3405 899 3445 an
912 3402 989 3444 vero
1002 3378 1131 3466 sapien·

68 3514 80 3536 ιι
92 3483 142 3544 tiae
162 3482 276 3547 studiis
298 3486 433 3549 Athenae
456 3486 579 3550 luerint
600 3485 771 3550 clariores?
790 3485 840 3548 An
862 3483 948 3546 enim
968 3480 1034 3543 ulla
1058 3501 1130 3569 pars

69 3616 80 3636 ιι
91 3583 265 3671 disciplinae
282 3602 346 3666 est,
364 3588 399 3649 in
414 3610 478 3674 qua
492 3586 694 3650 laudabiliter
708 3584 827 3649 versari
842 3583 1024 3645 humanum
1041 3579 1131 3668 inge-

68 3715 81 3736 ιι
92 3686 184 3748 nium
202 3688 320 3773 possit,
335 3710 433 3774 quam
447 3710 514 3751 non
530 3704 586 3751 aut
600 3687 784 3752 invenerint
802 3698 976 3761 nostrates,
995 3695 1052 3743 aut
1067 3700 1132 3767 prae

71 3817 82 3837 ιι
94 3788 214 3849 caeteris
233 3787 456 3852 excoluerint?

115 3888 181 3951 XL.
199 3889 266 3951 «Ut
287 3889 375 3952 enim
395 3912 413 3952 a
432 3888 535 3975 poetis
554 3886 739 3967 ordiamur,
763 3883 853 3972 quod
871 3904 973 3972 genus
991 3878 1130 3944 edoctis

69 4019 81 4041 «
92 3990 352 4075 antiquissimum
370 4006 433 4071 est,
448 3989 612 4054 comoediae
625 3986 850 4078 tragoediaeque
864 3984 1023 4072 plurimos
1036 3997 1133 4068 atque

71 4090 311 4153 «nobilissimos
325 4106 473 4154 auctores
489 4092 621 4154 Athenae
637 4091 792 4155 tulerunt.
809 4088 1007 4173 Quanquam
1022 4081 1131 4172 profe·

107 4316 123 4378 5
137 4316 271 4365 XXXVII.
284 4317 359 4363 Corn.
370 4315 434 4379 Nep.
443 4316 560 4364 Themin.
572 4333 625 4381 cap.
637 4333 660 4365 a.
672 4343 707 4353 -
715 4318 818 4364 Pnusan.
828 4314 870 4362 lib.
881 4317 901 4361 1.
914 4340 950 4350 -
960 4311 975 4377 S
986 4311 1132 4361 xxxvtrt.

74 4400 128 4446 Vel.
139 4403 207 4447 Max.
220 4402 259 4455 II,
273 4401 303 4456 6,
317 4401 340 4448 5,
351 4427 385 4436 -
394 4385 516 4448 Pluiarch.
529 4401 555 4447 in
568 4402 644 4449 Phoc.
657 4416 710 4465 cap.
724 4413 763 4445 rr.
771 4426 804 4435 -
814 4396 936 4446 Plutarch.
951 4422 984 4433 —
997 4393 1050 4445 cie
1060 4394 1132 4440 lure

75 4485 165 4543 Quaest.
179 4487 203 4542 I,
220 4500 244 4535 ι,
259 4496 282 4531 et
294 4484 323 4532 de
338 4488 405 4532 Orat.
417 4486 440 4544 I,
452 4493 476 4540 I.
