2670 5018
215 757 272 826 IN
302 756 412 827 LOC.
437 756 525 826 LIB.
549 756 712 843 LXXIX
744 755 954 827 LIVIANI.
1066 755 1113 841 43

70 877 164 943 llario
174 878 393 968 cognominis,
404 893 437 941 et
446 876 490 941 cb
500 876 682 941 tribunatus
695 872 856 964 repulsam
866 877 1009 941 infensus
1019 875 1114 943 Sullae

72 980 108 1062 Q.
115 980 291 1044 Sertorius.
309 978 393 1043 Nam
407 993 481 1067 post
494 978 636 1043 Atiniam
650 977 770 1067 legem,
791 993 952 1041 senatores
967 977 1113 1042 tribuna·

71 1095 134 1144 mm
147 1081 254 1169 plebis
268 1080 441 1170 petebant;
463 1101 566 1166 quum
580 1078 758 1166 antiquitus
771 1093 883 1143 contra
898 1077 1026 1159 fuisset,
1039 1079 1114 1164 quia

72 1198 137 1247 tum
153 1183 295 1248 tribunis
311 1182 413 1271 plebis
430 1182 550 1246 intrare
566 1181 688 1246 curiam
709 1202 775 1244 nou
793 1179 925 1262 licebat,
945 1177 1019 1260 sed,
1037 1178 1115 1244 sub·

72 1285 162 1349 selliis
185 1301 262 1349 ante
285 1285 389 1349 valvas
410 1285 538 1372 positis,
562 1283 708 1348 consulta
732 1298 862 1347 senatus
884 1280 1115 1345 examinabant.

72 1385 173 1475 Igitur
195 1387 372 1467 Sertorius,
397 1385 484 1450 Sulla
507 1386 655 1469 consule,
682 1384 883 1450 tribunatum
907 1399 1038 1472 petens,
1062 1381 1118 1444 illo

73 1485 257 1551 adversante
279 1487 395 1575 cupitis
413 1485 588 1568 exciderat3
612 1508 718 1574 neque
741 1486 827 1551 enim
848 1484 1031 1549 conducere
1050 1483 1117 1547 suis

73 1589 167 1653 rebus
189 1589 276 1653 Sulla
296 1589 526 1670 arbitrabatur,
546 1604 600 1669 ut,
620 1610 717 1676 quam
734 1586 914 1676 deprimere
927 1572 1117 1675 potestatem

74 1689 234 1777 cupiebat,
251 1712 321 1754 eam
332 1691 402 1754 viro
415 1691 479 1753 a'cri
492 1708 589 1778 atque
603 1689 723 1754 diserto
739 1688 896 1754 committi
908 1702 1080 1776 pateretur.

116 1792 155 1855 V.
172 1792 303 1880 Quippe
313 1792 472 1856 Sertorius
487 1792 531 1887 ita
541 1808 684 1856 versatus
698 1792 731 1855 in
743 1790 816 1855 foro
827 1790 948 1871 fuerat,
963 1805 1002 1853 ut
1012 1786 1121 1851 adhuc

74 1889 330 1956 adolescentulus
342 1891 532 1956 nonnullam
544 1892 579 1955 in
587 1891 675 1956 Urbe
687 1892 863 1981 potentiam
876 1892 979 1957 causis
990 1888 1120 1979 agendis

74 2007 286 2079 comparatam
299 1992 476 2073 obtineret3
493 2008 526 2057 et
538 2009 649 2080 postea
665 2009 810 2076 senator,
824 1994 850 2057 si
865 1994 965 2057 claros
979 2007 1121 2055 oratores

75 2115 192 2180 paucos
207 2094 361 2182 excipias,
378 2116 415 2157 ea
431 2094 664 2159 existimatione
680 2108 803 2183 ageret,
819 2109 856 2157 ut
873 2115 940 2157 non
957 2092 1037 2156 alius
1053 2090 1121 2171 ejus

76 2191 194 2258 ordinis
202 2194 340 2258 solutius
350 2195 539 2282 acutiusque
549 2194 656 2259 dicere
664 2209 840 2283 putaretur.
848 2196 1007 2258 Ceterum
1019 2214 1121 2279 quum

76 2315 113 2356 ex
127 2293 217 2357 Urbe
234 2295 337 2358 Cinna
353 2295 560 2384 profugisset,
579 2311 708 2359 senatus
721 2296 767 2376 ei,
784 2294 873 2383 quod
893 2293 1123 2382 rempublicam

76 2396 186 2459 consul
200 2393 407 2472 desemisset,
422 2395 506 2461 etad
520 2396 697 2460 libertatem
709 2411 852 2461 vocasset
865 2394 1007 2476 servitia,
1022 2394 1124 2481 magi·

77 2511 208 2560 stratum
227 2496 411 2585 abrogavit5
431 2497 466 2561 in
485 2498 593 2562 locum
611 2498 679 2579 ejus
700 2498 736 2562 L.
748 2496 898 2562 Cornelio
912 2495 1051 2576 Merula,
1068 2493 1124 2581 qui

77 2594 189 2662 flamen
208 2597 308 2661 Dialis
328 2613 410 2680 erat,
434 2598 581 2662 suffecto.
604 2597 662 2662 His
682 2597 784 2662 Cinna
805 2595 998 2684 compertis,
1021 2616 1124 2682 quum

76 2699 216 2786 Capuam
229 2699 384 2779 venisset,
402 2698 460 2762 ubi
471 2701 532 2786 Ap
543 2698 669 2762 Claudii
682 2698 837 2762 exercitus
849 2712 934 2783 erat,
950 2695 1125 2760 conciliatis

77 2798 134 2862 sibi
151 2799 308 2876 tribunis,
327 2815 359 2863 et
377 2814 539 2887 quotquot
553 2799 636 2864 forte
650 2799 690 2863 ab
699 2799 787 2863 Urbe
802 2815 965 2863 senatores
978 2796 1124 2879 aderant,

78 2901 237 2964 consulari
265 2900 378 2964 babitu
400 2901 435 2964 in
459 2901 626 2990 publicum
651 2922 859 2990 progressus,
886 2922 962 2962 mox
986 2897 1125 2987 profusis

79 3000 205 3064 abunde
222 3001 390 3088 lacrymis,
407 3001 571 3066 discedere
588 3025 664 3066 curn
683 3002 820 3066 fascibus
835 3001 963 3065 lictores
976 2999 1081 3079 jussit.

120 3103 175 3166 vl.
192 3102 258 3165 ιΕῑ
277 3101 338 3166 hos
355 3100 504 3190 quidem,
526 3103 646 3191 inquit,
667 3118 773 3166 vestro
793 3103 950 3165 hactenus
968 3097 1126 3162 beneficio

80 3202 213 3284 «habui,
232 3204 333 3284 cives,
346 3204 457 3292 populi
473 3203 632 3293 suffragiis
646 3217 770 3267 creatus
785 3202 899 3267 consul
914 3224 922 3264 :
937 3199 994 3265 sed
1012 3201 1127 3285 incoq-

81 3303 183 3366 ·sulta
190 3303 300 3392 plebe,
312 3303 470 3368 honorem
483 3304 562 3367 mihi
570 3319 700 3368 senatus
709 3303 857 3384 abstulit,
870 3301 984 3366 acerba
993 3301 1128 3366 omnino

83 3402 295 3492 «ignominia,
311 3403 368 3468 sed
383 3405 417 3467 in
433 3427 497 3492 qua
515 3405 588 3492 plus
603 3420 740 3469 vestram
758 3404 877 3467 irascor
893 3403 1013 3482 vicem,
1029 3423 1128 3489 quam

84 3525 205 3567 ·meam
223 3503 343 3568 doleo:
361 3527 436 3568 nam
452 3505 532 3568 mihi
548 3503 679 3593 quidem
698 3505 797 3569 unius
815 3504 891 3568 anni
909 3503 1129 3591 magistratus,

85 3604 192 3668 uobis
210 3604 245 3668 in
262 3626 359 3669 omne
377 3621 504 3693 tempus
515 3606 567 3686 jus
580 3623 738 3688 vestrum,
755 3622 803 3687 et,
818 3607 845 3670 si
861 3602 1129 3684 animadvertitis,

86 3705 232 3769 -libertas
242 3706 347 3793 periit.
362 3706 451 3788 Quid
461 3707 547 3772 enim
557 3723 668 3796 postea
679 3707 834 3772 demereri
842 3706 969 3793 plebem
981 3702 1131 3769 studeant

86 3805 284 3870 -candidatii
296 3822 353 3870 aut
367 3830 524 3895 quorsum
536 3831 595 3874 ros
610 3810 817 3873 comitiorum
830 3822 995 3894 potentes,
1010 3822 1131 3871 vestra-

86 3929 168 3992 ·que
180 3907 215 3971 in
228 3930 327 3971 manu
338 3907 523 3972 consulatus
536 3925 632 3997 atque
647 3909 778 3997 imperia
790 3929 859 3972 esse
870 3905 1014 3989 creditis,
1027 3907 1129 3970 sitam

87 4005 231 4072 «infirma
244 4025 342 4096 atque
358 4009 516 4073 instabilia
529 4009 683 4076 beneficia
693 4026 798 4076 vestra
808 4024 901 4091 sunt,
918 4024 950 4072 et
963 4031 1035 4096 quae
1046 4006 1131 4070 bene

89 4106 147 4171 ule
160 4109 251 4174 vobis
267 4111 389 4175 meritis
405 4110 553 4195 dedistis,
571 4135 607 4177 ea
627 4135 685 4202 per
700 4112 782 4177 male
805 4111 937 4176 meritos
956 4124 1022 4173 tarn
1040 4107 1131 4172 facile

89 4209 340 4275 «auferuntur?·

123 4421 181 4486 gv.
194 4423 318 4472 namen
330 4425 357 4473 a
371 4427 461 4474 asor.
471 4442 526 4490 ap.
537 4427 561 4473 s.
573 4451 608 4463 -
625 4427 678 4477 cte.
689 4426 716 4474 n
726 4426 815 4486 amno,
829 4441 883 4491 ap
895 4426 936 4480 tt·
952 4450 987 4462 —
1000 4423 1053 4474 uv.
1067 4424 1131 4489 Brit

93 4531 124 4542 -
136 4508 240 4575 Appiam
248 4536 284 4550 -
294 4510 367 4559 aces
378 4509 409 4559 de
418 4510 473 4560 Vir.
483 4510 520 4559 ill.
529 4525 582 4575 cap.
593 4512 637 4574 69.
