2670 5018
666 25 754 63 Am.
770 17 857 86 crgo
868 1 991 78 Caesur,
1009 20 1112 86 quum
1127 22 1144 61 e

617 102 682 181 jum
702 101 735 161 iu
758 122 855 161 cursu
879 122 948 161 esse
971 114 1106 186 putunS,
1127 123 1146 161 u

620 201 760 265 recessit.
780 204 906 264 Interea
920 202 953 264 iu
968 202 1153 264 Pictonibus

618 303 729 367 conlia
752 326 874 367 novum
898 303 1021 367 bellum
1045 321 1155 367 ortum

621 427 790 469 manarunt
808 405 950 491 partium
968 406 1093 487 fuerat,
1115 406 1149 468 in

622 507 725 595 Igitur
740 512 776 572 (ἑ.
791 508 947 572 Caninius
961 508 1112 588 Rebilus,
1128 507 1163 571 di

622 608 684 673 bus
697 609 864 692 adductis,
876 634 981 699 quum
992 609 1033 675 ud
1045 609 1167 673 dimica:

623 711 774 793 haberet,
794 713 923 776 niuniu)
936 712 1010 776 locu
1029 710 1171 774 consedit

623 811 749 901 aliquot
763 812 832 877 dies
852 813 971 877 frustra
991 811 1174 900 oppugnati.

623 938 701 978 ueni
718 915 863 996 Limoni,
882 914 1002 979 certior
1023 914 1126 978 suctus
1142 912 1178 977 de

626 1016 758 1079 hincab
776 1016 969 1080 exercitibus
986 1015 1145 1095 romanie,
1162 1015 1181 1078 it

625 1114 763 1201 Ligerim
780 1116 891 1179 statuit
910 1117 1018 1203 copias
1037 1115 1185 1179 transduc

669 1216 743 1279 XX.
760 1215 824 1279 Sed
832 1216 899 1296 juni
913 1232 1045 1303 pontem
1058 1219 1094 1281 C.
1110 1218 1188 1281 Fabi

627 1332 696 1382 tatu
715 1318 748 1380 iu
767 1318 893 1382 nescios
913 1334 1000 1383 etex
1022 1318 1136 1382 itinere
1153 1320 1192 1382 fet

626 1443 700 1509 gem
728 1419 839 1484 edidit.
867 1420 1045 1485 Cedenteni
1063 1420 1182 1487 deinde

626 1521 824 1612 profligavit,
845 1538 883 1585 ut
905 1524 1093 1610 plusquam
1114 1521 1195 1587 duoe

627 1624 831 1705 ciderentur;
846 1628 1052 1705 Dumnacus,
1067 1625 1195 1712 expulsi

628 1750 756 1809 errans,
771 1728 975 1815 latitansque,
988 1727 1022 1789 in
1039 1743 1195 1791 extremas

627 1845 809 1917 cogeretur.
833 1828 885 1894 Ad
905 1830 1052 1918 quinque
1074 1829 1176 1893 ferme

630 1944 696 1991 tem
712 1931 875 1995 Senouem
895 1954 935 1995 ex
958 1931 1033 2020 fuga
1055 1952 1195 1994 convene

628 2030 767 2095 vinciam
789 2048 857 2097 enit
880 2033 1057 2120 petiturus,
1074 2054 1195 2119 assum}

628 2152 765 2195 eummoe
778 2132 921 2198 audaciae
931 2134 1013 2198 viro.
1025 2133 1129 2221 Igitur
1143 2155 1195 2196 ron

629 2234 666 2295 C.
689 2234 845 2299 Caninius
867 2236 901 2299 in
928 2236 1129 2299 Provinciam
1155 2256 1194 2297 co

630 2334 656 2386 (ι
692 2334 808 2378 uun...
836 2335 842 2348 ·
897 2338 917 2350 „
