2670 5018
154 753 198 835 84
317 758 384 823 JO.
412 757 752 826 FREINSHEMII
786 758 1027 828 SUPPLEM.

152 878 359 963 pristinarum
388 898 509 963 opum,
540 876 658 962 quibus
685 875 773 939 nulla
799 876 909 939 civitas
936 870 1100 964 copiosior
1125 879 1209 961 fuit,

151 979 397 1064 relinqueretur.

200 1082 272 1142 XX.
289 1079 391 1166 Igitur
403 1076 481 1140 dum
493 1078 542 1140 his
557 1077 589 1139 in
605 1078 682 1142 locis
691 1079 775 1142 varia
787 1100 845 1164 per
856 1078 1086 1166 impedimenta
1095 1081 1211 1147 Lucul-

152 1181 200 1242 lus
215 1180 396 1259 detinetur,
413 1180 447 1242 L.
459 1179 546 1242 Sulla
560 1202 693 1243 manum
707 1179 845 1243 militum
862 1182 1025 1244 frumenta
1038 1204 1078 1246 ex
1089 1183 1209 1248 Piraeeo

151 1283 292 1347 Athenas
310 1282 527 1369 portantium,
543 1303 619 1343 curn
636 1281 712 1368 ipsis
728 1281 860 1344 sarcinis
876 1282 1065 1370 intercepit:
1080 1284 1209 1371 prodita

151 1384 237 1446 enim
259 1406 296 1445 ea
318 1405 368 1445 res
389 1381 554 1470 glandium
578 1383 786 1470 inscriptione
812 1385 924 1447 fuerat.
943 1383 1069 1449 Eodem
1093 1385 1146 1451 die
1167 1387 1209 1452 ad

151 1483 336 1547 Chalcidem
358 1505 433 1546 curn
450 1482 594 1546 Archelai
617 1484 714 1546 fratre
731 1483 945 1570 Neoptolemo
963 1484 1098 1549 feliciter
1112 1486 1208 1551 ‹limi-

150 1602 256 1649 catum
269 1601 316 1647 est
329 1608 337 1647 :
351 1585 473 1671 legatus
487 1585 522 1646 L.
530 1583 625 1647 Sullae
633 1585 816 1665 Munatius,
832 1585 918 1648 mille
929 1585 1113 1675 quingentis
1128 1589 1210 1652 mili·

149 1685 446 1763 tibusinterlectis,
466 1685 631 1771 aliquanto
656 1684 802 1772 pluribus
827 1686 944 1772 captis,
969 1684 1052 1751 duce
1075 1711 1207 1777 quoque

149 1788 292 1851 hostium
316 1785 476 1863 sauciato,
500 1785 641 1871 pretium
665 1807 769 1872 operae
795 1786 880 1850 lecit.
904 1786 1006 1851 Parvo
1029 1804 1102 1876 post
1124 1805 1206 1853 tem·

147 1912 241 1976 pore,
257 1909 359 1974 quum
371 1886 482 1974 sopitis
494 1884 683 1948 custodibus
697 1886 812 1949 moenia
823 1886 934 1951 Piraeei
946 1887 1203 1976 negligerentur,

147 1991 271 2052 romani
283 1988 414 2069 milites,
432 1988 530 2051 scalas
546 1987 701 2050 machinis
712 1988 932 2074 imponentes,
946 1989 979 2051 in
994 2011 1125 2052 murum
1135 2013 1206 2054 era·

147 2109 275 2171 serunt,
293 2106 339 2170 ct,
357 2112 439 2176 quos
452 2090 594 2177 primum
612 2088 771 2167 objecerat
787 2111 895 2168 casus,
911 2089 1159 2155 obtruncarunt.

191 2195 279 2256 XXI.
297 2192 443 2255 Excitato
459 2191 544 2253 inter
556 2190 625 2253 haec
636 2190 795 2269 tumultu,
811 2189 921 2278 vigiles
939 2189 1054 2276 partim
1069 2190 1104 2253 in
1116 2192 1205 2280 oppi-

146 2297 243 2375 dum,
264 2295 353 2381 quasi
369 2294 433 2372 jam
459 2292 558 2378 captis
579 2292 758 2372 moenibus,
776 2290 986 2370 desilierunt;
1009 2291 1061 2354 alii
1079 2297 1203 2382 magnis

146 2399 260 2461 animis
283 2397 456 2459 certamine
474 2395 573 2473 inito,
598 2393 725 2474 hostes,
747 2394 872 2472 occiso,
889 2394 946 2480 qui
969 2415 1024 2456 eos
1043 2392 1202 2477 ducebat,

144 2499 321 2586 praecipites
337 2497 525 2582 abegerunt.
542 2496 612 2557 Hoc
629 2495 752 2556 invitati
771 2515 920 2557 successu
934 2493 1028 2581 regii,
1043 2516 1109 2556 non
1126 2518 1204 2559 con·

145 2600 225 2661 tenti
246 2598 424 2684 periculum
450 2594 621 2683 repulisse,
638 2596 841 2681 eruptionem
864 2594 1027 2676 lecerunt,
1046 2618 1112 2682 quo
1130 2597 1202 2661 loco

144 2701 241 2761 altera
262 2700 483 2759 Romanorum
502 2695 599 2757 turris
620 2693 810 2758 exaedificata
827 2697 949 2776 literat3
967 2696 1201 2763 incendissent-

144 2823 223 2886 quc,
248 2800 323 2878 nisi,
346 2797 536 2880 continuato
552 2818 609 2882 per
629 2812 759 2859 noctem
781 2796 933 2884 diemque
952 2797 1081 2880 labore,
1096 2800 1201 2881 Sulla,

144 2902 199 2987 qni
221 2924 258 2962 ex
276 2899 386 2961 castris
401 2897 518 2960 auxilio
534 2908 731 2977 accurrerat,
752 2899 929 2961 restitisset.
950 2899 1061 2979 Quum
1083 2899 1201 2965 deinde

144 3003 237 3065 aliam
251 3024 288 3063 ex
303 2999 435 3062 adverso
450 2999 563 3061 turrim
576 2998 749 3061 Archelaus
766 3001 949 3081 struxisset,
968 2998 1025 3063 diu
1039 3024 1077 3064 ex
1089 3002 1201 3067 ricinis

144 3105 340 3190 paribusque
365 3099 599 3163 munitionibus
623 3100 713 3162 omni
730 3123 854 3189 genere
880 3100 1017 3163 telorum
1043 3118 1200 3166 certatum

144 3223 208 3287 est3
225 3205 330 3267 donec
344 3201 429 3264 Sulla
443 3201 556 3290 viginti
571 3200 667 3264 simul
680 3200 851 3289 plumbeos
867 3222 976 3289 graves
990 3200 1103 3288 globos
1117 3219 1200 3266 cata·

143 3306 242 3394 pultis
261 3303 366 3366 excuti
381 3301 484 3381 jussit.

185 3407 292 3471 XXll.
303 3406 428 3467 Horum
437 3403 568 3489 impetu
585 3403 678 3466 multi
692 3403 836 3465 hostium
849 3403 962 3482 occisi,
977 3418 1009 3464 et
1021 3403 1114 3488 quod
1123 3428 1201 3491 prae·

143 3512 236 3598 cipue
247 3504 464 3570 desideratum
478 3507 597 3583 fuerat,
612 3495 796 3567 labefactata
809 3504 907 3566 turris
918 3505 1079 3586 Archelai,
1096 3528 1198 3591 quum

141 3612 266 3674 ruinam
280 3608 499 3684 minitaretur,
513 3606 595 3667 intra
612 3605 729 3668 moenia
742 3604 873 3669 reducta
887 3622 944 3669 est.
958 3608 1085 3669 Interea
1097 3610 1198 3696 magis
1213 3637 1215 3640 ·

141 3713 307 3800 magisque
327 3708 480 3796 gliscebat
498 3707 531 3769 in
557 3706 638 3769 urbe
658 3707 857 3771 Athenarum
881 3707 980 3769 sames
1000 3729 1008 3770 ε
1028 3730 1102 3770 nam
1128 3708 1198 3771 lru-

141 3812 242 3874 menti
260 3808 391 3894 quidem
411 3831 525 3896 parum
544 3806 663 3887 inerat,
686 3823 718 3870 et
735 3823 889 3895 tyrannus
906 3807 1064 3871 choenices
1081 3809 1195 3873 hordei

141 3914 172 3974 in
188 3907 414 3997 quatriduum,
431 3909 618 3994 gallinarum
628 3910 749 3989 verius,
762 3932 858 3996 quam
871 3909 1059 3989 hominum,
1074 3909 1197 3975 dimen·
1234 3993 1236 3997 Ι

141 4036 213 4076 sum
230 4007 401 4073 dividebat.
420 4007 483 4071 Sed
503 4009 563 4073 hac
582 4011 767 4073 necessitate
786 4009 1029 4074 Atheniensium
1049 4013 1194 4100 cognita,

140 4113 213 4176 licet
231 4123 437 4187 cunctanter,
455 4105 494 4169 de
510 4108 635 4196 integro
655 4126 761 4173 tamen
773 4111 945 4175 Archelaus
962 4111 1102 4175 delectos
1117 4136 1193 4178 oum
1230 4184 1236 4198 ι

139 4213 263 4278 cibariis
285 4210 396 4273 misit:
415 4224 446 4271 et
467 4209 541 4294 quia
560 4209 653 4298 prodi
675 4213 808 4276 consilia
830 4235 888 4276 sua
907 4213 1192 4294 animadverterat,

172 4430 187 4493 S
203 4431 273 4477 XIX.
291 4427 377 4475 Euseb.
395 4455 429 4465 -
444 4425 566 4491 Porphyr.
580 4453 614 4464 -
630 4429 730 4479 Prusau.
747 4428 791 4479 lib.
807 4431 827 4477 l.
843 4456 876 4466 -
892 4429 908 4495 S
924 4432 983 4480 XX.
999 4433 1050 4481 Cic.
1066 4431 1143 4481 Acad.
1157 4459 1192 4468 -

136 4516 241 4580 Appiau.
252 4509 364 4560 Mithrid.
