2670 5018
82 496 87 503 .
1006 484 1019 503 Ι
1300 503 1307 517 ο

218 796 271 864 ΙΝ
302 797 417 863 LOC.
444 794 536 862 LlB.
563 795 746 866 LXXXII
778 800 986 873 LIVIANI.
1074 809 1139 878 113
1203 752 1208 761 Ι

74 934 187 1007 usque
214 919 439 1006 impulerunt,
466 932 503 979 ut
530 915 640 980 eadem
668 919 778 982 omnia
809 921 961 990 facerent.
985 927 1139 1015 Smyrnaei

75 1043 209 1109 quoque
228 1019 457 1106 Sardianique‚
475 1034 508 1081 et
522 1018 733 1109 Colophonii,
751 1043 825 1083 cum
844 1023 912 1086 aliis
929 1027 1141 1114 quibusdam,

76 1122 264 1210 exemplum
275 1120 493 1208 Ephesiorum
509 1120 638 1206 sequuti
655 1137 741 1184 suut.
754 1123 798 1185 At
808 1122 1027 1208 Mithridates,
1044 1132 1142 1195 misso

77 1240 188 1288 contra
200 1221 383 1285 defectores
397 1221 555 1300 exercitu,
570 1237 735 1308 quotquot
748 1210 937 1313 redigere'in
950 1244 1142 1315 potestatem

79 1325 199 1413 potuit,
219 1321 396 1387 crudeliter
413 1320 557 1402 afflictis;
582 1338 619 1385 ut
636 1340 768 1388 caeteros
786 1324 1010 1392 benevolentia
1027 1333 1143 1397 retine-

80 1443 140 1508 ret,
153 1425 278 1492 Graecis
286 1446 346 1512 per
353 1423 465 1486 Asiam
476 1424 602 1487 urbibus
613 1423 784 1489 libertatem
800 1426 900 1491 edixit
912 1453 942 1493 se
955 1434 1142 1500 concedere:

77 1550 186 1613 porro,
213 1550 255 1590 ne
271 1525 359 1615 qnod
376 1545 475 1613 genus
496 1525 655 1587 hominum
673 1530 768 1612 reffioe
790 1525 1015 1617 munpicentioe
1032 1559 1143 1624 expers

70 1627 159 1715 foret
165 1677 175 1709 ‚
195 1629 346 1692 debitores
358 1628 429 1689 oeris
441 1624 539 1687 alieni
550 1624 741 1712 obligatione
752 1627 845 1708 solvi,
860 1631 1029 1718 inquilinos
1043 1636 1143 1725 enJits·

80 1753 136 1817 que
156 1732 242 1795 urbis
257 1731 369 1794 ethium
389 1748 516 1790 nurnero
539 1750 578 1789 ac
590 1726 794 1815 semegem,
820 1735 1003 1796 manumitti
1024 1758 1143 1817 servos,

72 1832 190 1919 jubere.

122 1932 269 1996 XLVIII.
288 1921 370 2014 llaec
381 1952 420 1993 eo
437 1931 659 2017 pertinebant,
675 1948 840 1997 utcontra
858 1952 1004 2001 veterum
1021 1939 1140 2004 civium

79 2034 195 2098 dubios
213 2034 356 2112 animos,
371 2032 440 2095 haec
454 2048 537 2095 esset
550 2055 677 2122 semper
689 2031 730 2096 ad
744 2034 913 2099 arbitrium
931 2039 1014 2127 regis
1032 2059 1140 2127 parata

83 2136 189 2216 Iactio,
210 2157 278 2197 non
296 2134 341 2196 ob
357 2148 524 2221 acceptum
546 2132 645 2197 modo
662 2133 870 2216 beneficium,
892 2137 950 2202 sed
968 2141 1060 2227 quia,
1079 2167 1139 2206 au-

78 2255 163 2301 ctore
180 2237 326 2318 sublato,
345 2258 388 2298 ne
407 2233 487 2297 illud
503 2235 635 2322 quidem
652 2236 713 2298 sibi
732 2259 921 2301 mansurum
941 2262 1026 2321 esse,
1043 2243 1140 2307 intel·

79 2341 226 2429 ligebant.
249 2339 363 2402 Plures
381 2335 498 2401 deinde
515 2352 628 2400 contra
643 2336 862 2401 Mithridatem
883 2340 969 2403 initae
989 2341 1139 2408 detectae-

77 2465 138 2529 que
163 2441 404 2522 conjurationes
427 2439 569 2503 fuerunt.
591 2439 775 2502 Familiares
798 2440 880 2529 regis
903 2442 1082 2507 Minionem
1108 2464 1140 2509 et

79 2543 289 2607 Philotimum
310 2544 509 2630 Smymoeos,
528 2556 560 2604 et
581 2541 734 2604 Lesbium
754 2540 960 2628 Clysthenem
975 2546 1139 2634 Asclepio-

78 2644 185 2725 dotus,
200 2645 314 2732 etipse
325 2642 430 2706 Lesbo
442 2640 619 2722 oriundus,
636 2664 738 2728 quum
755 2643 913 2730 particeps
931 2646 998 2726 ejus
1012 2649 1138 2712 consilii

79 2746 206 2826 luisset,
224 2743 388 2834 prodidit,
412 2741 553 2806 abducto
572 2742 713 2805 velutin
737 2759 897 2807 secretum
917 2746 1081 2830 Minione,
1102 2767 1139 2813 ut

77 2848 141 2934 ipse
171 2870 227 2910 rex
256 2861 331 2934 post
355 2844 473 2907 lectum
500 2841 646 2922 abditus,
671 2843 712 2906 ‹le
738 2844 960 2922 c'onjuratione
989 2867 1137 2940 agentem

77 2949 209 3012 audiret.

119 3051 235 3114 XLIX.
253 3050 310 3113 His
330 3049 372 3111 ita
394 3046 619 3135 deprehensis,
639 3049 785 3134 quamvis
806 3050 916 3112 omnia
937 3049 1136 3117 crudelitatis

78 3152 203 3241 ingenia
224 3148 433 3228 admovisset,
455 3149 523 3235 ipse
539 3164 646 3210 tamen
665 3142 781 3236 saepius
798 3149 906 3213 auimo
923 3134 1137 3216 discruciaiba·

78 3271 143 3334 mr,
160 3252 243 3316 nihil
257 3252 342 3332 jam,
360 3271 401 3312 ne
417 3250 502 3312 inter
518 3247 712 3311 domesticos
726 3248 876 3336 quidem,
891 3266 999 3313 tutum
1017 3250 1136 3317 lidum·

77 3378 139 3442 que
158 3351 367 3418 inveniendo.
391 3351 565 3438 Postquam
589 3365 699 3412 autem
723 3351 817 3414 etiam
843 3352 988 3440 Pergami
1012 3353 1137 3418 circiter

78 3457 239 3546 octoginta
254 3456 340 3517 viros
357 3452 441 3516 idem
456 3451 660 3539 propositum
678 3450 827 3514 hahuisse
844 3452 1013 3541 cognovit3
1028 3453 1061 3514 in
1076 3476 1136 3517 cae·

78 3560 151 3621 toris
168 3557 349 3622 civitatibus
363 3579 430 3619 non
450 3553 578 3635 delore,
593 3554 650 3641 qui
670 3553 783 3615 similia
801 3553 1013 3632 molirentur,
1028 3554 1136 3620 existi·

78 3685 184 3741 mans,
208 3659 325 3748 passim
353 3656 492 3720 exerceri
517 3654 726 3742 quaestionem
748 3652 940 3740 proditionis
964 3653 1067 3731 jussit.
1092 3662 1135 3719 At

76 3761 192 3847 quibus
209 3759 243 3823 id
258 3758 425 3848 negotium
446 3756 654 3818 commissum
670 3755 789 3830 luerat,
806 3775 926 3839 paucos
944 3775 981 3815 ex
1001 3755 1133 3838 mcrit0,

76 3875 223 3924 caeterum
245 3881 322 3923 suos
344 3858 483 3945 quisque
507 3856 652 3919 inimicos
674 3853 735 3916 sub
757 3852 826 3930 ejus
849 3853 992 3917 criminis
1013 3856 1133 3922 invidia

75 3960 318 4024 damnaverunt.
336 3957 386 4021 Ad
410 3958 496 4020 millc
517 3970 683 4020 sexcentos
703 3976 838 4016 suorum
858 3954 976 4042 cuique
999 3959 1132 4023 urbium

75 4063 230 4150 principes
252 4084 289 4123 ea
313 4059 411 4146 pestis
430 4056 633 4143 absumpsit:
652 4064 793 4141 quorum
813 4072 1014 4119 accusatores
1035 4060 1132 4144 paulo

74 4180 141 4250 post
163 4163 282 4251 partim
302 4183 320 4223 a
340 4160 426 4223 Sulla
451 4156 675 4245 comprehensi
696 4177 805 4243 poenas
832 4157 979 4237 luerunt;
1001 4158 1052 4220 alii
1075 4182 1132 4223 sua

74 4287 166 4328 manu
188 4275 418 4352 prevenerunt
440 4259 588 4348 supplicii
613 4256 811 4336 loeditatem3
839 4257 954 4345 reliqui
980 4261 1133 4324 omnibus

101 4462 115 4526 S
127 4460 232 4509 XLVII.
242 4460 318 4503 Oros.
327 4455 376 4510 Vl,
390 4470 413 4501 a.
431 4481 465 4489 -
482 4455 588 4518 Appiam
607 4479 640 4489 -
656 4453 707 4499 liv.
719 4450 784 4514 Epit.
796 4475 830 4486 -—
844 4449 860 4513 5
875 4450 966 4497 XLIX.
982 4454 1012 4497 U.
1025 4453 1053 4500 C.
1066 4453 1135 4512 (ἰδίη

70 4547 232 4595 t,t1.to.-
242 4544 322 4590 Oros.
335 4564 370 4574 -
382 4539 486 4602 Appisn.

182 4640 227 4708 X,
920 4627 941 4695 8
